3368 5094
816 327 949 381 ..18-

308 449 382 513 tatis
398 448 505 510 studio
528 449 587 510 sed
608 448 706 524 longe
727 447 794 510 alio'
808 447 946 510 consilio
968 448 1182 510 Alexandrum
1204 448 1370 511 Tartarum
1385 469 1472 512 conr·

307 545 536 608 mentationem
557 565 663 606 meam
689 565 819 622 carpere
841 565 1033 622 aggressum
1055 565 1139 607 esse.
1162 545 1255 608 Adeo
1275 567 1339 610 non
1361 546 1469 609 solum

307 642 551 720 argumentandi
578 641 736 704 rationem
757 642 846 704 omni
866 662 969 720 paene
992 663 1033 703 ex
1053 657 1143 720 parte
1171 644 1470 721 reprehendendam

305 760 381 804 csse
401 740 563 812 iudicavit,
588 741 647 800 sed
667 738 766 800 verba
787 756 917 817 quoque
937 753 969 802 et
990 738 1170 824 locutiones
1192 739 1287 802 nimis
1310 740 1470 803 subtiliter

306 836 519 916 conquisivit,
544 834 662 913 quibus
682 836 849 898 censoriae
871 821 1050 898 severititis
1071 837 1182 900 notam
1203 836 1352 900 inureret.
1377 837 1468 900 Hanc

306 955 384 998 vero
406 934 690 1012 reprehensionem
710 933 860 1010 equidem
874 933 984 1010 magni
1004 933 1153 1007 facerem,
1171 932 1234 995 nisi
1255 933 1287 995 in
1308 953 1381 995 mea
1402 955 1470 996 me·

306 1031 410 1094 moria
433 1030 559 1108 penitus
592 1030 789 1093 insedissent
819 1050 901 1108 quae
933 1033 973 1092 de
994 1027 1148 1092 Tartarae
1178 1029 1467 1092 Animadversioni·

309 1131 364 1208 bus
389 1128 443 1208 (1)·
459 1128 491 1188 in
512 1127 773 1206 ephemeridibus
789 1125 864 1204 legi,
895 1147 977 1204 quae
1006 1125 1224 1190 inscribuntur
1248 1128 1468 1189 Literarisches

307 1225 537 1288 Centralblatt:
568 1248 578 1280 ι
599 1225 663 1286 Der
682 1224 769 1287 Verf.
793 1223 972 1287 schreibt...
993 1223 1079 1286 ohne
1099 1223 1184 1286 volle
1205 1223 1381 1286 Kenntniss
1410 1227 1468 1286 der

317 1347 326 1376 ι
347 1321 515 1395 Literatur,
533 1311 634 1384 sowie
659 1321 716 1382 mit
730 1321 836 1384 einem
849 1320 899 1382 fiir
912 1321 1004 1382 einen
1019 1319 1165 1383 italiener
1191 1320 1328 1383 auffall
1339 1342 1356 1382 e
1366 1343 1386 1383 n
1396 1323 1468 1383 den

306 1443 326 1475 «ι
347 1417 510 1496 Mangel
537 1438 585 1480 an
613 1416 857 1480 stilisticher
883 1417 1010 1488 Fortu,
1034 1419 1100 1480 und
1121 1417 1206 1480 ohne
1227 1417 1379 1495 wichtige
1403 1419 1469 1480 und

317 1541 326 1572 ι
349 1516 600 1594 nichtssagende
622 1514 852 1586 Beweismittel
872 1514 1059 1592 verstindig
1079 1535 1117 1577 zu
1139 1514 1322 1576 scheiden·
1352 1515 1407 1594 ().

375 1785 521 1854 Augustae
538 1782 735 1849 Taurinorum,
755 1781 791 1835 IV
809 1781 845 1836 K.
864 1781 973 1836 Octobr.
992 1797 1039 1838 an.
1059 1779 1337 1837 uoccctxxxtn.
1364 1771 1365 1774 ’

322 2013 522 2022 -n--——--—-

346 2215 383 2286 (ι)
403 2215 557 2270 inimare.
572 2219 605 2268 tn
624 2215 702 2270 rocos
720 2217 882 2270 tonsurus
898 2215 998 2270 varari
1016 2213 1127 2268 catulo·
1138 2193 1166 2268 'u
1183 2215 1242 2270 not
1260 2214 1334 2270 rut
1355 2213 1468 2270 nomae.

313 2301 435 2457 1Ἕκ
456 2388 503 2455 R„
522 2385 573 2442 ΝΡ.
592 2385 635 2440 33.
656 2385 688 2441 12
706 2383 824 2454 August,
840 2384 914 2452 1882,
933 2400 1000 2454 pag.
1021 2383 1094 2439 1112.
1131 2448 1134 2454 Ι
