3368 5094
732 327 735 332 .
840 338 956 388 -4-

317 470 592 534 quantuscumque
612 455 665 519 fui‘
692 459 731 518 ad
753 456 968 531 iudicandum,
994 457 1039 519 sic
1062 458 1168 531 statui,
1193 458 1374 521 Iuvenalem
1393 480 1479 522 anno

316 553 440 616 circiter
469 554 550 616 LVII
581 576 612 633 p.
648 553 724 616 Chr.
758 575 812 626 n.,
846 555 1022 632 imperante
1053 554 1201 629 Nerone,
1236 570 1345 619 natum
1381 577 1474 630 esse,

316 671 451 729 cumque
473 650 513 712 ab
543 650 705 713 Hadriano
736 653 768 712 in
801 650 948 713 exsilium
969 651 1090 714 eiectus
1121 667 1209 714 esset
1236 673 1320 715 anno
1353 653 1479 716 circiter

316 747 494 821 CXXXVII,
518 748 550 808 in
571 747 721 826 Aegypto
744 767 828 809 anno
851 749 964 810 aetatis
994 749 1093 812 altero
1117 764 1147 812 et
1170 751 1384 826 octogesimo,
1409 751 1479 812 ine·

316 858 392 906 unte
420 843 575 906 Antonini
604 843 653 904 Pii
686 845 832 922 imperio,
857 847 947 906 senio
977 864 1013 906 ac
1046 846 1153 907 taedio
1181 846 1266 908 vitae
1296 845 1477 909 conlectum

316 941 508 1003 decessisse.
528 941 685 1018 Quamvis
707 942 792 1002 enim
813 941 997 1004 huiusmodi
1020 943 1179 1005 sententia
1201 945 1385 1006 coniectura
1407 959 1478 1007 tan-

315 1040 481 1100 tummodo
508 1039 669 1111 niteretur,
694 1041 780 1116 quod
802 1038 1150 1117 ipseconceptissimis
1171 1039 1280 1102 verbis
1308 1041 1477 1120 professus

316 1155 387 1197 sum
408 1135 460 1215 (1),
486 1135 695 1198 nihilominus
711 1137 792 1198 adeo
813 1135 993 1212 probabilis
1012 1136 1091 1196 mihi
1111 1135 1290 1211 videbatur,
1307 1152 1352 1211 ut,
1371 1139 1399 1199 si
1412 1138 1477 1201 ulla

315 1253 366 1294 res
389 1246 486 1306 esset,
504 1252 585 1310 quae
606 1233 750 1295 veritatis
767 1233 909 1310 speciem
929 1253 1007 1310 prae
1023 1253 1058 1295 se
1080 1232 1184 1307 ferret,
1202 1234 1285 1317 hanc
1302 1249 1388 1298 certe
1402 1256 1478 1298 esse

316 1329 541 1393 existimarem.
1188 1341 1193 1353 ·

356 1414 559 1490 Οοῑοτυιηῖίε
574 1425 734 1499 omnibus,
752 1426 806 1503 qui
822 1446 928 1487 meam
943 1426 1247 1489 commentationem
1271 1425 1474 1505 perlegerint,

316 1524 513 1601 exploratum
535 1543 608 1585 esse
630 1522 726 1586 debet
752 1543 804 1583 me
825 1522 996 1584 Ribbeckii
1018 1525 1226 1597 sententiam,
1251 1526 1338 1603 quod
1360 1527 1400 1588 ad
1426 1526 1478 1588 lu-

314 1621 438 1682 venalis
460 1635 596 1684 aetatem
618 1634 713 1698 atque
735 1619 881 1682 exsilium
903 1621 1048 1698 pertinet,
1074 1621 1102 1682 si
1123 1641 1226 1699 pauca
1246 1635 1369 1684 tantum
1392 1624 1478 1685 exci-

315 1718 396 1795 pias,
421 1731 567 1780 secutum
587 1737 660 1780 esse
681 1716 813 1777 -nihil
834 1717 920 1778 enim
948 1719 988 1780 ad
1019 1737 1086 1778 rem
1114 1719 1261 1796 pertinet,
1286 1722 1314 1780 si
1334 1720 1477 1796 paullum

316 1814 356 1877 ab
378 1835 417 1876 eo
439 1815 620 1892 discrepare
641 1816 755 1876 videor
774 1837 831 1888 -;
855 1813 1009 1876 nonnulla
1028 1833 1106 1875 vero
1130 1816 1169 1875 ad
1191 1835 1262 1876 eam
1284 1815 1479 1878 confirman-

317 1916 391 1975 dam
420 1925 608 1988 argumenta
630 1910 834 1983 adhibuisse,
866 1930 948 1987 quae
976 1930 1172 1987 quamquam
1199 1909 1248 1973 vir
1277 1912 1478 1976 clarissimus

316 2011 508 2086 neglexerat,
531 2023 640 2072 tamen
662 2029 724 2070 non
738 2008 829 2087 parvi
850 2007 1004 2072 momenti
1026 2028 1100 2069 esse
1114 2008 1193 2070 mihi
1213 2008 1404 2073 videbantur
1417 2010 1493 2091 (2).'

319 2105 394 2179 Sed,
418 2125 546 2184 quoquo
568 2107 666 2168 modo
690 2126 762 2168 sese
784 2126 835 2166 res
857 2104 985 2178 habeat,
1004 2105 1031 2166 si
1053 2108 1174 2168 nonde
1196 2106 1299 2167 exsilii
1319 2107 1404 2181 loco,
1422 2109 1477 2184 qui

317 2204 420 2265 adhuc
441 2204 524 2265 inter
553 2205 668 2265 doctos
691 2201 882 2279 ambigitur,
907 2216 939 2264 at
960 2202 1075 2264 saltem
1103 2204 1142 2265 de
1163 2201 1333 2281 Aquinatis
1362 2217 1477 2281 poetae

316 2299 517 2378 temporibus
539 2300 601 2361 hoc
616 2313 719 2362 ratum
740 2298 900 2376 fixumque
922 2299 1017 2361 video
1034 2302 1116 2377 apud
1138 2301 1333 2363 recentiores
1349 2301 1475 2378 aliquos

316 2397 512 2476 antiquitatis
527 2396 785 2474 investigatores,
804 2410 891 2458 extra
906 2395 998 2469 fines,
1015 2396 1070 2473 qui
1091 2409 1166 2473 post
1180 2395 1354 2473 Borghesii
1369 2399 1479 2460 studia

316 2493 472 2556 luvenalis
486 2494 570 2556 vitae
592 2492 755 2555 constituti
776 2491 886 2555 es‘sent
907 2493 961 2572 (3),
979 2491 1042 2554 iam
1064 2491 1159 2556 nobis
1176 2494 1414 2569 egrediendum,
1433 2494 1476 2557 ob

316 2611 449 2668 eamque
471 2610 601 2654 causam
622 2589 691 2652 eius
706 2601 843 2652 aetatem
865 2589 993 2665 longius
1016 2609 1089 2651 esse
1110 2592 1362 2666 producendam.
1380 2589 1473 2664 Nam,

315 2701 350 2750 ut
370 2687 515 2750 omittam
536 2687 736 2750 Ludovicum
758 2686 1047 2760 Friedlaenderum,
1069 2687 1123 2764 qui
1144 2687 1192 2748 vir
1213 2688 1376 2765 praeclara
1404 2708 1477 2749 eru-

315 2785 436 2848 ditione
451 2798 482 2847 et
503 2783 648 2846 doctrina
662 2797 792 2861 poetam
814 2783 854 2845 ab
871 2803 954 2846 anno
977 2804 1007 2861 p.
1024 2784 1101 2846 Chr.
1120 2805 1150 2845 n.
1168 2784 1278 2846 LXVll
1301 2785 1340 2846 ad
1357 2805 1477 2847 annum

316 2880 453 2944 CXLVll
474 2882 573 2944 vitam
601 2881 790 2959 perduxisse
812 2895 922 2943 censet
943 2880 997 2958 (4),
1021 2880 1222 2942 Ludovicum
1245 2879 1472 2956 Schwabium,

316 2979 370 3057 qui
391 2998 475 3042 anno
498 2979 663 3056 superiore
689 2977 834 3040 Teuffelii
866 2997 1071 3040 romanarum
1093 2977 1270 3040 litterarum
1301 2978 1471 3040 historiam

314 3088 518 3138 retractatam
539 3075 649 3148 edidit,
667 3077 707 3136 ad
729 3073 900 3136 Ribbeckii
921 3093 1091 3151 meamque
1107 3074 1293 3152 opinionem
1309 3094 1344 3135 se
1366 3074 1481 3137 adiun-

316 3172 403 3234 xisse
422 3173 518 3235 video
540 3170 594 3252 (5).
618 3171 666 3232 Ex
688 3191 751 3248 quo
773 3171 836 3232 iarn
858 3170 998 3246 intellegi
1020 3185 1129 3248 potest
1151 3171 1359 3247 disputationi
1374 3191 1475 3246 meae,

316 3271 402 3345 quod
424 3270 535 3332 attinet
557 3271 596 3330 ad
618 3268 776 3332 luvenalis
791 3281 937 3345 tempora
958 3269 1175 3344 producenda,
1194 3267 1290 3328 ctiam
1311 3269 1478 3330 doctorum

315 3365 483 3428 hominurn
504 3365 723 3428 auctoritatem
740 3363 917 3439 suffragari.
943 3361 1007 3424 Sed
1023 3363 1103 3424 haec
1124 3363 1300 3438 hactenus3
1324 3364 1403 3428 infra
1417 3363 1479 3427 alia

316 3659 404 3721 sione,
417 3657 550 3712 lectorem
562 3653 794 3712 humanissimum
807 3654 922 3708 monebo
934 3669 966 3707 ex
979 3653 1202 3723 ephemeridibus
1219 3654 1477 3709 commentationem

315 3758 406 3796 meam
424 3745 583 3813 excerptam
601 3746 629 3796 et
648 3742 800 3810 seperatim
819 3737 920 3793 editam
938 3739 1036 3795 fuisse.
1051 3739 1109 3803 Qua
1123 3739 1156 3793 de
1168 3754 1254 3793 cauea
1267 3739 1318 3794 hoe
1331 3739 1360 3792 in
1373 3739 1480 3809 scripto

315 3825 391 3880 binis
419 3826 494 3880 notis
521 3825 649 3895 singulae
676 3823 917 3879 commentationis
940 3825 1059 3893 paginae
1076 3824 1284 3892 iudicabuntur,
1304 3823 1411 3880 adiecta
1428 3823 1478 3878 lit·

312 3914 375 3966 tere
394 3911 426 3980 E,
446 3915 478 3966 ut
495 3915 655 3983 excerptum
675 3912 708 3966 eb
726 3909 946 3986 ephemeridibus
960 3909 1163 3978 distinguatur.

350 3995 384 4066 (Ι)
403 3996 461 4054 cir.
481 3997 597 4052 Rimata
614 3997 674 4062 cit,
696 4014 740 4067 pp.
760 3996 821 4063 418,
839 3995 890 4049 480
909 3995 1003 4049 adnot.
1024 3992 1061 4063 (6,
1082 3994 1116 4050 68
1134 3994 1177 4064 Ε),
1197 4000 1251 4050 etc.

350 4079 387 4152 (2)
405 4081 462 4136 Gir.
482 4083 573 4136 adnot.
593 4081 619 4151 2,
638 4099 663 4151 p.
684 4081 735 4136 488
754 4081 797 4146 (56
807 4080 851 4150 Ε),
865 4096 954 4151 seqq„
969 4082 1025 4133 eto.

350 4167 386 4236 (3)
406 4166 462 4220 cn.
480 4167 597 4221 Rieirta
614 4166 673 4232 cit,
695 4183 721 4237 p.
741 4165 792 4221 424
812 4167 855 4235 [12
873 4165 917 4235 Ε),
936 4179 1013 4233 seqq.

349 4241 868 4323 mmmmffmfflm

348 4338 386 4407 (5)
405 4337 573 4394 Geecltichte
591 4337 644 4392 der
663 4337 853 4392 Roemiscleen
871 4336 963 4392 Liter.
984 4336 1108 4406 Leipzig,
1131 4336 1205 4406 1882,
1224 4335 1240 4407 ἓ
1257 4333 1319 4405 331,
1338 4353 1364 4407 p.
1383 4334 1445 4390 755.

516 4922 886 5064 Δ
