3368 5094
739 277 874 330 ..13-

255 400 349 478 Quod
371 414 477 463 autem
499 399 633 462 Tartara
654 420 728 461 cum
751 413 815 462 tres
838 398 911 461 illos
926 411 1061 482 uersus,
1078 412 1145 461 tum
1160 397 1383 476 quisuperio-

215 520 266 560 res
295 500 327 560 in
349 498 487 576 septima
502 498 600 560 satira
615 497 776 573 leguntur,
802 495 888 559 laudi
909 495 1133 575 potiusquam
1151 494 1380 572 vituperationi
1441 537 1448 565 ·,

214 596 389 658 Domitiani
410 595 610 673 pantomimo
632 594 733 656 fuisse
755 608 866 656 censet
886 593 940 673 (1),
966 594 1028 656 etsi
1049 592 1127 654 mihi
1148 592 1180 655 id
1202 592 1383 670 ipsumse-

215 715 272 757 cus
294 694 439 764 videtur,
464 712 527 754 non
549 711 744 769 magnopere
765 690 890 753 laboro.
915 690 984 752 Hoc
1007 693 1167 753 contendo
1183 709 1249 751 non
1267 689 1326 751 abs
1348 710 1383 751 re

214 791 327 852 fuisse.
338 790 572 867 quaestionem,
590 809 687 865 quam
708 787 818 861 habui,
842 801 948 851 utrum
971 788 1069 850 satira
1084 788 1221 865 septima
1241 786 1381 850 Traiano

214 889 454 965 imperantean
473 887 668 948 dominante
692 885 855 948 Hadriano
883 886 1002 964 scripta
1030 885 1165 958 fuisset;
1189 885 1272 947 hanc
1295 885 1381 948 enim

214 985 324 1061 magni
354 983 507 1062 ponderis
536 1004 610 1046 esse
638 985 678 1046 ad
706 983 854 1046 exsilium
881 982 1040 1046 luvenalis
1068 982 1292 1045 illustrandum
1319 982 1381 1066 alio

213 1083 287 1145 loco
316 1081 538 1144 demonstravi
558 1081 570 1159 (
590 1080 612 1159 ).
635 1113 676 1126 —
696 1080 738 1143 At
759 1101 836 1142 vero
863 1080 931 1142 fieri
959 1101 1024 1142 non
1051 1080 1155 1158 potuit
1182 1094 1217 1142 ut
1243 1079 1381 1158 septima

215 1179 314 1240 satira
335 1177 464 1240 Traiani
485 1177 687 1255 temporibus
710 1177 893 1255 conscripta
915 1177 1068 1240 Hadriani
1089 1177 1279 1256 pantomimi
1300 1177 1380 1238 iram

214 1276 246 1336 in
266 1290 398 1354 poetam
413 1275 584 1337 excitaret!
607 1274 662 1354 (ς).
680 1307 721 1321 -
735 1273 877 1350 Quidni>
901 1275 928 1336 si
949 1294 1062 1336 verum
1076 1275 1204 1352 quidem
1226 1274 1379 1348 illudsest,

213 1374 301 1449 quod
324 1392 420 1448 snpra
442 1369 742 1448 leviterobiterque
765 1372 866 1448 attigi,
892 1371 1083 1449 saepissime
1104 1390 1208 1448 pauca
1228 1369 1328 1433 verba
1349 1371 1381 1431 in

214 1469 408 1531 deteriorem
422 1482 547 1546 partem
562 1481 694 1546 accepta
717 1469 890 1531 multorum
904 1468 1060 1530 malorum
1074 1489 1206 1530 causam
1223 1467 1378 1530 extitisse.

213 1566 339 1638 Nonne,
365 1567 394 1628 si
415 1568 493 1643 quid
514 1565 699 1629 coniectura
720 1567 906 1644 prospicere
932 1566 1017 1640 licet,
1040 1566 1382 1636 verisimillimumest

212 1684 336 1741 paucos
359 1662 432 1725 illos
453 1684 568 1726 versus
590 1664 622 1724 in
644 1666 807 1741 quendam
833 1663 985 1726 Hadriani
1006 1664 1198 1726 histrionem
1220 1684 1239 1724 a
1259 1663 1380 1740 populo

215 1760 374 1822 irrisionis
391 1781 489 1822 eausa
503 1762 537 1823 in
551 1761 677 1823 theatro
692 1760 794 1823 fuisse
808 1761 945 1824 iactatos
960 1783 967 1835 ;
991 1761 1181 1824 histrionem
1202 1780 1290 1832 vero,
1308 1781 1381 1822 cum

213 1857 369 1936 populum
398 1858 511 1920 ulcisci
532 1859 689 1935 nequiret,
714 1861 794 1920 iram
817 1879 908 1920 suam
930 1859 962 1919 in
982 1871 1113 1936 poetam
1140 1861 1301 1920 vertisse>
1323 1854 1377 1936 (4).

215 1953 298 2014 Cum
319 1973 395 2014 vero
417 1953 456 2014 de
478 1954 539 2015 hac
561 1972 594 2013 re
616 1952 670 2014 alii
686 1952 748 2014 alia
763 1955 970 2016 commentati
986 1954 1060 2026 sint,
1080 1975 1138 2015 nec
1154 1957 1236 2032 qua'e
1251 1956 1380 2018 demum

215 2051 324 2127 opinio
340 2049 508 2128 probanda
530 2049 572 2112 sit
588 2051 667 2113 satis
689 2050 820 2128 liqueat,
838 2070 894 2112 cur
914 2070 980 2112 non
994 2041 1102 2128 potius
1124 2052 1280 2112 nesciendi
1293 2050 1382 2138 illam

215 2158 311 2208 ortem
335 2152 529 2224 sequemur?
558 2146 603 2208 lta
624 2167 728 2224 neque
749 2168 892 2224 unquam
912 2146 1057 2209 fallemur
1078 2167 1181 2224 neque
1203 2168 1222 2209 a
1246 2147 1381 2210 veritate

216 2243 353 2306 alienum
369 2243 585 2306 iudicabimus
606 2247 695 2321 quod
711 2244 751 2306 ab
766 2244 986 2322 intellegentia
1000 2264 1161 2321 sensuque
1183 2258 1295 2307 nostro
1310 2244 1382 2306 lon-

217 2340 351 2418 gissime
374 2354 424 2403 est
452 2341 666 2404 disiunctum!
703 2340 769 2404 Sed
790 2341 955 2418 longiores
977 2342 1029 2402 hic
1062 2362 1173 2404 sumus
1195 2361 1292 2419 quam
1324 2362 1381 2402 ne-

217 2458 310 2500 cesse
332 2452 391 2500 est.

252 2534 318 2596 lam
332 2555 410 2597 vero
433 2536 590 2598 detribus
612 2535 771 2599 Martialis
787 2537 1028 2615 epigrammatis
1044 2540 1084 2599 ad
1105 2537 1287 2599 Iuvenalem
1302 2535 1381 2597 mis-

214 2634 259 2693 sis
281 2632 368 2693 haud
390 2629 481 2693 aliter
502 2632 606 2693 adhuc
628 2631 734 2694 iudico
749 2646 845 2709 atque
866 2633 899 2692 in
920 2652 993 2693 mea
1014 2631 1285 2694 commentatione
1300 2631 1380 2692 scri-

213 2728 273 2806 psi.
292 2727 496 2805 Quamquam
518 2728 564 2789 sic
581 2727 732 2790 existimo
753 2749 801 2804 ea,
818 2731 859 2790 ad
880 2728 1029 2792 exsilium
1044 2730 1131 2806 quod
1147 2731 1270 2801 attinet,
1290 2726 1380 2805 parvi

213 2829 368 2887 momenti
389 2845 474 2898 esse,
499 2847 572 2888 curn
594 2825 674 2886 mihi
703 2828 743 2888 ad
764 2827 797 2887 id
820 2826 956 2888 maxime
978 2825 1122 2889 conferre
1143 2825 1321 2896 videantur,
1345 2836 1380 2886 ut

214 2922 397 3001 luverialem
413 2942 497 2984 anno
513 2922 639 2984 circiter
649 2922 732 2984 XCll
744 2944 776 3001 p.
786 2923 863 2985 Chr.
874 2945 905 2984 n.
916 2923 1040 2985 Romae
1054 2922 1156 2986 fuisse
1177 2921 1336 2984 declam
1346 2941 1380 2982 a·

213 3018 401 3081 tionibus
428 3019 634 3082 intentum
660 3021 886 3083 demonstrent
910 3018 970 3102 (5),
1004 3034 1238 3099 proptereaque
1258 3039 1380 3097 pauco-

212 3137 282 3178 rum
293 3116 381 3178 illam
394 3137 549 3178 versuum
564 3117 697 3180 satiram
713 3117 864 3180 extremis
875 3117 1050 3179 Domitiani
1066 3116 1277 3195 temporibus,
1292 3118 1381 3193 quod

211 3213 308 3275 etiam
330 3213 408 3276 aliis
423 3199 622 3290 argumentis
645 3213 816 3287 declaravi,
835 3215 987 3292 scriptam
1008 3213 1109 3276 luisse
1132 3213 1186 3292 (6).
1211 3212 1373 3285 Cetemm,

250 3433 285 3505 (1)
309 3437 379 3491 «chi
391 3437 456 3492 badi
473 3437 559 3493 anche
577 3441 604 3491 ai
622 3440 697 3493 versi
712 3438 872 3509 precedenti
884 3442 997 3492 trevere
1008 3437 1103 3492 infant
1116 3437 1178 3505 cho,
1192 3438 1238 3508 piu
1255 3438 1306 3491 ohe
1323 3453 1381 3492 una

213 3522 302 3576 satira
319 3525 417 3579 contro
436 3523 549 3591 Paride,
567 3525 622 3577 essi
642 3539 710 3577 sono
728 3539 785 3579 una
801 3522 864 3578 lodo
885 3523 989 3579 diretta
1006 3539 1023 3576 a
1041 3523 1182 3578 celebrare
1199 3522 1222 3576 il
1240 3523 1336 3576 lavore
1351 3522 1380 3576 di

211 3605 259 3662 oui
276 3606 342 3675 egli,
362 3607 476 3672 Paride,
495 3625 543 3663 era
560 3610 641 3678 largo
660 3608 687 3662 ai
706 3610 802 3678 poveri
821 3608 895 3678 poeti
908 3627 933 3662 r.

246 3691 282 3761 (2)
301 3691 357 3744 Cir.
378 3693 495 3746 aterna
512 3692 572 3757 cit„
591 3710 619 3762 p.
638 3692 689 3746 442
708 3691 752 3762 (30
770 3691 803 3759 Ε)
822 3709 900 3765 seqq.

211 3861 351 3915 ballerino
366 3862 395 3914 di
414 3861 577 3917 Domiziano
589 3879 645 3917 non
663 3863 768 3919 fossero
786 3864 836 3916 tali
854 3862 890 3916 da
908 3862 1049 3916 offendero
1067 3861 1171 3916 Paride
1188 3867 1287 3930 stanno,
1302 3864 1378 3918 ein-

211 3963 276 4001 vece
301 3951 446 4016 polensem
471 3947 610 4002 offendere
627 3963 667 4001 nn
683 3952 777 4002 altore
803 3948 986 4002 drammatioo
1003 3948 1032 4000 di
1049 3963 1105 4001 una
1121 3946 1305 4016 genet-anione
1329 3949 1378 4018 piu

211 4032 286 4186 tulli
300 4053 341 4170 be
359 4116 411 4171 hae
425 4115 554 4172 Teuffelii
568 4119 698 4188 opinione
716 4118 768 4174 cfr.
789 4118 905 4173 Rivista
923 4118 984 4187 eil„
1004 4135 1031 4187 p.
1050 4117 1102 4172 476
1121 4117 1164 4190 (64
1180 4117 1224 4187 Ε).
1242 4157 1244 4160 -

246 4201 281 4270 (5)
302 4202 359 4258 Cfr.
379 4201 495 4257 arnaria
514 4204 574 4271 oit.,
594 4219 621 4273 p.
640 4203 689 4260 451
710 4203 753 4273 (39
771 4203 802 4273 E)
821 4219 880 4273 seq.

246 4287 282 4356 (6)
303 4286 361 4342 Ofr.
382 4285 501 4342 Rivista
518 4286 579 4353 cit,
599 4305 628 4358 p.
647 4286 699 4343 469
717 4287 762 4357 (57
779 4287 821 4355 Ε).
