3368 5094
843 292 961 346 -8..

320 412 380 471 dex
401 409 589 473 chartaceus
605 411 732 473 saeculi
754 411 811 473 XV
831 412 875 492 (1)
896 412 928 472 in
950 412 1147 475 bibliotheca
1167 413 1357 477 Taurinensi
1373 419 1485 479 adser-

317 521 411 570 vatus
426 508 481 585 qui
501 509 636 571 candem
651 508 759 571 Vitam
772 508 911 583 exhibet,
929 523 961 572 ct
982 513 1053 572 cam
1068 511 1198 588 quidem
1212 512 1313 575 multo
1336 517 1484 577 emenda-

319 604 441 677 tiorem,
467 604 494 665 si
515 624 634 666 verum.
653 605 807 678 dicimus,
832 626 928 683 quam
950 626 1033 685 quac
1055 629 1092 668 cx
1118 609 1229 670 codice
1259 608 1431 672 Harleiano
1464 633 1484 673 a

319 700 458 763 Ruchlio
479 701 641 780 descripta
663 716 728 775 est;
752 716 786 765 ut
814 723 865 764 me
887 703 974 766 haud
995 704 1107 781 procul
1128 725 1147 766 a
1167 706 1301 768 veritate
1323 726 1396 768 esse
1423 729 1484 784 pu-

318 811 393 870 tem,
407 797 447 859 si
469 797 674 860 Harleianum
696 801 841 861 codicem
872 799 1006 878 longius.
1029 801 1069 862 ab
1092 803 1266 881 archetypo
1287 804 1484 866 ,decessisse

320 897 519 957 contendam.
533 915 630 972 quam
652 895 901 970 Taurinensem3
925 917 965 958 ne
988 898 1092 960 dicam
1114 920 1165 960 me
1180 899 1271 962 illum
1287 899 1326 962 ab
1343 921 1482 978 apogra-

319 991 385 1067 pho
407 994 549 1068 quodam
570 992 748 1070 profectum
769 1006 880 1071 putare
902 1009 933 1058 et
955 995 1076 1057 librarii
1101 997 1297 1059 inscitiatot
1319 998 1482 1062 erroribus

318 1087 518 1166 inquinatum
539 1110 623 1162 esse,
638 1105 682 1152 ¹ut
710 1090 919 1156 Taurinensis
941 1093 1010 1155 eius
1032 1094 1224 1173 archetypus
1246 1098 1482 1172 propemodum

318 1205 391 1246 esse
406 1185 550 1249 videatur
564 1187 618 1266 (2).
636 1186 787 1250 Ceterum
802 1188 877 1250 Vita
891 1188 1100 1252 Taurinensis
1114 1191 1235 1254 codicis
1252 1191 1298 1252 sic
1321 1212 1356 1253 se
1371 1192 1478 1256 habet:

402 1427 411 1464 1
436 1405 543 1466 Iunius
563 1405 717 1466 luvenalis
732 1407 868 1486 equinas,
882 1408 953 1488 suit
975 1409 1012 1467 de
1027 1409 1140 1488 aquino
1162 1409 1275 1488 oppido
1292 1410 1441 1470 oriundus
1458 1407 1465 1489 Ι

317 1503 372 1583 qui
391 1504 431 1562 ad
451 1503 582 1562 mediam
593 1505 666 1582 sere
687 1513 795 1563 etatem
817 1503 1009 1564 declamauit.
1027 1515 1056 1564 et
1076 1505 1109 1564 in
1129 1505 1267 1584 paridem
1285 1516 1348 1585 pan
1365 1505 1373 1586 Ι
1392 1507 1483 1567 torni·

316 1621 400 1659 mum
421 1601 503 1679 apud
523 1599 838 1679 aulamimperatoris
860 1601 1025 1661 domitiani
1042 1623 1074 1662 se
1094 1623 1126 1662 se
1150 1603 1182 1662 in
1205 1602 1323 1663 deliciis
1340 1600 1348 1683 Ι
1366 1603 1482 1664 liaben-

318 1707 377 1757 tem
398 1698 547 1776 quosdam
567 1718 672 1758 uersus
693 1717 756 1757 non
782 1697 914 1758 absurde
935 1699 1115 1778 composuit.
1134 1699 1200 1760 hos.
1217 1722 1242 1760 s.
1260 1702 1344 1780 quod
1361 1697 1368 1780 Ι
1388 1721 1401 1779 5
1418 1723 1482 1760 non

317 1796 394 1854 dant
409 1804 552 1873 proceres
567 1793 653 1854 dabit
674 1793 783 1854 histrio
805 1804 836 1855 tu
851 1796 1033 1856 camerinos.
1053 1795 1099 1856 Tu
1122 1796 1237 1868 bareas,
1259 1795 1263 1874 Ι
1283 1807 1315 1857 tu
1329 1797 1482 1858 nobilium

316 1912 432 1970 magna
459 1891 538 1950 atria
559 1912 658 1950 cures.
678 1894 832 1971 prefectos
850 1891 980 1971 pelopea
992 1893 1076 1970 fecit
1094 1892 1274 1972 philomene
1302 1891 1465 1973 tribunos}

318 1987 351 2046 hi
369 2008 475 2047 versus
492 1998 549 2067 per
570 1987 796 2067 aliquantulum
819 1989 972 2069 temporis,
998 1990 1191 2069 imperatoris
1213 1991 1351 2050 auditum
1384 1991 1482 2052 latue-

317 2093 398 2144 runt.
422 2082 485 2144 Sed
506 2105 574 2144 cum
602 2084 660 2146 hoc
677 2082 684 2165 Ι
703 2097 779 2166 opus
799 2088 1025 2167 aggrederetur
1047 2087 1204 2147 occasione
1230 2097 1351 2167 accepta
1371 2088 1482 2168 inqua·

318 2183 389 2241 dem
404 2190 509 2242 satura
524 2181 579 2242 hec
598 2205 632 2243 .s.
647 2193 677 2243 et
689 2194 757 2263 spes
771 2193 800 2244 et
813 2185 893 2244 ratio
911 2181 918 2263 Ι
935 2184 1009 2245 setis
1024 2193 1228 2264 competenter
1241 2186 1362 2245 eosdem
1377 2207 1481 2247 uersus

318 2277 510 2340 interseruit:
538 2278 653 2358 quibus
677 2279 854 2358 publicatis.
882 2281 1070 2341 domitianus
1093 2277 1100 2360 Ι
1127 2300 1160 2341 10
1180 2281 1313 2341 sentiens
1332 2302 1389 2341 sua
1410 2291 1481 2341 tern-

315 2375 572 2453 poradenotari:
591 2377 712 2454 pudore
733 2385 762 2436 et
783 2377 829 2436 ira
854 2387 1022 2457 correptus.
1045 2377 1177 2456 qualiter
1198 2376 1373 2438 iuvenalem
1397 2374 1404 2456 Ι
1429 2380 1483 2438 de·

314 2472 462 2550 primeret
483 2474 565 2552 apud
580 2494 624 2532 ·se
650 2473 848 2552 excogitauit.
876 2471 939 2532 Sed
965 2494 1033 2533 cum
1066 2482 1147 2533 tante
1178 2473 1351 2557 autoritatis
1381 2473 1482 2536 uirum

315 2568 440 2647 publice
458 2579 501 2648 pu
519 2565 526 2648 Ι
544 2569 609 2630 nire
635 2590 698 2629 non
724 2572 859 2630 auderet.
887 2570 1039 2631 militibus
1066 2592 1127 2631 ro.·
1142 2571 1175 2629 in
1201 2581 1353 2631 extremas
1377 2581 1481 2651 partes

317 2665 416 2745 egipti
430 2666 467 2725 'in
488 2665 714 2745 expeditionem
737 2668 847 2727 lenden
864 2664 871 2747 Ι
890 2666 979 2737 tibus,
1005 2667 1094 2746 quasi
1111 2667 1169 2727 sub
1198 2666 1324 2727 honoris
1352 2667 1480 2727 obtentu

315 2763 372 2822 sub
395 2763 558 2844 dignitatis
578 2763 774 2824 simulatione
795 2765 885 2825 illum
903 2765 1042 2846 prefecit.
1065 2775 1099 2825 ut
1119 2765 1148 2825 si
1163 2762 1170 2845 Ι
1187 2765 1250 2825 alio
1273 2767 1366 2825 modo
1388 2767 1482 2845 depe-

315 2858 467 2919 riretsub
488 2861 585 2939 specie
607 2860 781 2921 dilectionis
802 2863 899 2922 animi
917 2861 1098 2942 malignitas
1119 2861 1333 2941 compleretur.
1357 2862 1483 2923 luvena-

318 2952 379 3035 lisl
402 2976 432 3036 15
455 2978 528 3017 vero
551 2959 687 3038 primum
714 2957 770 3018 boc
799 2969 875 3038 opus
900 2959 1030 3038 peregit.
1061 2960 1143 3018 unde
1168 2959 1200 3018 in
1227 2959 1336 3019 ultima
1361 2969 1479 3038 satyra:

316 3053 413 3114 multa
435 3055 473 3113 de
498 3054 684 3115 militaribus
707 3055 815 3138 officiis
832 3052 839 3135 Ι
856 3055 993 3136 scripsit,
1019 3065 1052 3116 ut
1072 3055 1115 3116 sic
1136 3055 1169 3115 in
1195 3056 1362 3116 exercitum
1384 3056 1506 3117 ituros‘

316 3149 516 3210 exanimaret.
531 3151 642 3210 deinde
657 3151 713 3212 boc
729 3162 818 3230 opere
833 3150 994 3231 completa,
1008 3172 1044 3211 eo
1061 3149 1069 3231 Ι
1083 3155 1238 3231 profectus
1253 3154 1376 3212 tandem
1391 3174 1482 3213 causa

266 3231 268 3236 ¹
313 3246 514 3324 profectionis
535 3257 705 3327 comperta:
729 3248 810 3308 tedio
836 3257 866 3308 et
894 3269 1022 3328 angore,
1046 3249 1139 3311 uitam
1157 3246 1164 3328 Ι
1171 3248 1290 3328 finiuit.
1315 3249 1368 3309 bec
1397 3251 1434 3309 de
1448 3248 1483 3307 il·

317 3340 376 3401 lius
396 3342 460 3403 vita
481 3345 521 3403 ed
534 3353 658 3422 presens
678 3344 840 3426 sufficiant.
865 3344 935 3404 liinc
956 3346 996 3404 ad
1015 3367 1049 3404 ea
1070 3365 1128 3424 que
1143 3344 1245 3405 circbe
1267 3344 1347 3406 bunc
1364 3343 1371 3425 Ι
1393 3366 1427 3422 19
1443 3345 1482 3405 li·

318 3439 406 3500 brum
427 3449 498 3500 sunt
519 3440 702 3520 inquirenda
724 3443 904 3502 accedamus
926 3439 980 3520 (3).

353 3714 389 3783 tl)
410 3735 422 3764 u
441 3713 575 3782 Signatus
594 3716 638 3768 est
654 3715 729 3767 notis
748 3713 781 3780 F,
800 3714 835 3779 V,
855 3713 986 3782 113f01ia
1003 3713 1090 3768 hebet
1107 3713 1195 3782 cx11,
1214 3716 1386 3784 eundemque
1403 3730 1483 3769 com·

318 3799 487 3854 monterium
514 3799 639 3854 eontinet
656 3802 704 3868 qui
725 3801 755 3852 in
778 3799 933 3854 Herleisno
955 3799 1049 3854 codice
1074 3816 1091 3853 e
1117 3801 1268 3857 Francisco
1292 3798 1410 3854 Ruehlio
1433 3815 1481 3853 ne-

318 3885 415 3951 pertus
432 3887 476 3936 ssi
497 3899 522 3938 t.

352 3967 388 4036 (2)
408 3966 466 4020 Hoc
484 3972 577 4022 autem
595 3968 631 4021 iis
648 3969 756 4038 patebit
772 3968 820 4036 qui
840 3966 984 4023 Hsnlsisni
1001 3968 1105 4022 codicis
1125 3969 1218 4023 Vitam
1236 3985 1299 4023 enm
1311 3967 1480 4023 Taurinensi

316 4052 410 4106 codice
435 4053 615 4106 contulerint.
640 4052 773 4106 Ceterum
800 4052 861 4106 vids
887 4053 926 4106 sis
951 4052 1104 4107 lectionum
1125 4055 1290 4110 serietatem
1317 4069 1400 4123 quam
1420 4068 1482 4106 mox

317 4135 510 4192 subiicismus.

353 4220 388 4289 (3)
408 4220 450 4273 En
468 4221 531 4290 tibi,
549 4221 637 4276 lector
655 4223 866 4290 humanissime,
880 4223 1030 4278 lectionum
1047 4223 1226 4291 varietatem,
1237 4238 1309 4294 quse
1327 4221 1395 4277 mihi
1409 4222 1482 4276 Teu·

315 4305 455 4360 sinenssm
481 4306 605 4362 codicem
631 4308 666 4362 sd
694 4308 838 4364 Hsslsisni
866 4309 1003 4363 rationem
1031 4308 1198 4380 expendenti
1220 4306 1355 4363 occurrit.
1375 4306 1406 4360 In
1425 4321 1480 4375 qno
