3368 5094
702 287 820 339 ..5..

179 407 315 468 fortasse
329 427 386 484 per
402 405 608 467 occasionem
625 407 823 469 adlicientur.
843 405 878 467 Si
894 419 999 468 autem
1014 407 1069 468 illa
1085 409 1338 483 consideramus,

178 523 261 581 quae
283 506 322 565 ad
344 503 570 581 imperatorem
593 509 758 580 spectant,
784 523 887 580 aquo
913 502 1099 565 Iuvenalem
1121 504 1232 577 exsilio
1264 507 1343 568 mul·

180 615 281 663 tatum
302 619 375 661 esse
396 614 522 662 veteres
544 599 852 690 prodider·unt,'tum
874 620 956 677 quae
973 602 1012 661 ad
1035 600 1136 662 exsilii
1159 621 1290 663 causam
1305 623 1341 663 ac

181 698 298 769 locum,
324 717 387 760 non
409 696 517 759 solum
533 703 611 758 'ante
632 697 715 757 hanc
732 686 868 759 aetatem
891 696 1012 774 aliquot
1033 700 1126 759 annis
1149 700 1206 759 sed
1220 700 1341 762 nostris

179 814 309 872 quoque
335 793 535 871 temporibus
561 793 642 855 alios
665 794 727 855 alia
752 795 895 856 sensisse
922 797 1054 856 scimus
1073 795 1235 869 Quoniam
1262 817 1340 859 vero

168 912 246 955 'non
259 893 376 954 desunt
391 891 455 968 qui,
471 913 543 953 cum
563 897 653 969 meae
669 891 813 968 opinioni
829 894 1049 964 adversentur,
1064 891 1159 953 aliam
1175 895 1255 955 tueri
1271 914 1344 954 scn-

179 990 314 1052 tentiam
336 989 533 1066 argumentis
556 1002 587 1051 et
602 988 782 1051 rationibus
799 992 956 1062 studeant,
977 989 1081 1051 omnis
1097 990 1177 1051 haec
1193 991 1294 1054 oratio
1310 993 1343 1052 in

180 1107 219 1148 eo
232 1101 355 1149 tantum
375 1085 565 1158 versabitur,
579 1100 614 1148 ut
625 1106 730 1147 meam
743 1086 913 1148 defendam
922 1085 1120 1164 refutemque
1137 1087 1340 1150 contrariam.

223 1183 377 1261 Spectant
398 1184 477 1244 haec
506 1183 605 1245 verba
632 1183 822 1260 praesertim
851 1186 890 1246 ad
916 1182 1130 1246 Alexandrum
1162 1183 1339 1257 Tartaram,

180 1281 368 1358 politiorum
389 1280 566 1343 litterarum
594 1269 768 1354 doctorem,
793 1281 847 1357 qui
869 1282 1035 1358 superiore
1057 1301 1140 1343 anno
1161 1281 1192 1341 in
1221 1281 1342 1343 diurnis
1366 1328 1368 1332 .

178 1377 431 1451 commentariis,
449 1378 504 1455 qui
525 1377 742 1440 inscribuntur
762 1379 806 1439 La
827 1379 988 1456 Rassegna
1009 1378 1063 1458 (1),
1082 1391 1210 1455 sumpto
1233 1398 1344 1440 censo·

181 1477 226 1536 ris
249 1475 366 1547 animo,
385 1475 692 1538 commentationem
706 1495 811 1536 meam
833 1475 876 1538 ita
897 1475 1111 1553 reprehendit,
1126 1489 1160 1538 ut
1176 1475 1254 1537 nihil
1269 1495 1344 1552 pro-

179 1574 354 1650 pemodum
375 1572 583 1648 relinqueret,
613 1574 699 1648 quod
722 1572 839 1634 criticis
861 1571 1063 1650 probandum
1086 1586 1185 1635 esset.
1212 1571 1343 1634 Scilicet

178 1682 305 1734 tantum
327 1669 419 1730 abest
440 1681 475 1731 ut
502 1672 672 1731 doctorum
701 1669 985 1746 reprehensionem
1007 1668 1137 1745 indigne
1165 1668 1280 1742 feram,
1309 1682 1344 1731 ut

180 1766 274 1829 valde
296 1786 367 1827 earn
390 1785 516 1842 semper
537 1765 738 1837 desiderem,
764 1766 792 1826 si
814 1766 889 1843 quid
911 1766 943 1827 in
966 1765 1045 1826 meis
1068 1765 1196 1844 scriptis
1219 1778 1342 1827 mutare

181 1877 213 1925 et
236 1865 406 1924 emendare
427 1862 569 1939 possim;
590 1884 672 1924 «cum
693 1883 769 1924 vero
792 1862 913 1925 nullam
941 1883 1072 1925 causam
1101 1862 1257 1939 reperiam
1290 1882 1344 1924 cur

182 1961 214 2020 in
236 1980 309 2021 mea
330 1960 489 2021 sententia
510 1979 575 2021 non
608 1979 827 2036 perseverem,
863 1973 957 2035 atque
991 1961 1070 2020 adeo
1103 1958 1344 2034 obiurgatorem

96 2114 101 2120 .
183 2077 289 2120 meum
311 2057 343 2118 in
359 2057 571 2133 gravissimos
587 2076 712 2118 errores
734 2069 861 2134 raptum
875 2076 949 2117 csse
970 2057 1107 2129 videam,
1126 2056 1252 2118 dabitur
1266 2055 1344 2116 mihi

183 2156 263 2216 haec
285 2155 388 2226 venia,
413 2167 457 2227 ut,
487 2154 634 2230 singulis,
659 2173 760 2231 paene
783 2153 901 2226 dicam,
926 2152 1078 2215 Tartarae
1100 2154 1346 2230 argumentatio·

182 2251 282 2314 nibus
311 2252 467 2329 pensatis
486 2252 594 2328 quanti
617 2253 745 2312 demum
766 2250 931 2312 faciendae
953 2253 1017 2312 sint
1039 2253 1269 2312 demonstrem.

223 2349 342 2425 ltaque,
367 2369 407 2409 ne
423 2349 531 2410 omnia
552 2351 761 2425 persequens,
780 2369 862 2424 quae
883 2348 915 2408 in
937 2368 1017 2420 mea,
1036 2369 1132 2424 quam
1154 2347 1340 2420 memoravi,

184 2447 451 2510 commentatione
472 2447 685 2524 exposuerim,
709 2446 828 2509 multus
851 2447 912 2507 sim
933 2448 1074 2522 -quod
1096 2446 1226 2523 quidem
1241 2465 1345 2523 neque

182 2544 386 2621 propositum
412 2544 491 2605 mihi
519 2557 568 2606 est
595 2543 657 2605 hoc
685 2543 755 2605 loco
784 2562 887 2620 neque
916 2542 1134 2607 necessarium
1155 2575 1204 2616 -,
1237 2555 1344 2604 certos

184 2641 262 2702 mihi
283 2640 364 2702 fines
385 2642 605 2718 terminosque
627 2641 831 2712 constituam,
856 2654 887 2702 et
908 2660 965 2701 eos
988 2640 1117 2718 quidem
1139 2639 1256 2717 quibus
1271 2642 1343 2717 ipsa

183 2739 335 2801 Tartarac
357 2737 530 2815 disputatio
561 2736 802 2814 circumscripta
824 2750 896 2798 ante
923 2737 1037 2799 oculos
1060 2736 1264 2810 obversatur,
1290 2756 1346 2797 eo-

181 2838 321 2912 demque
342 2834 406 2896 fere
429 2835 539 2897 ordine
561 2855 612 2910 me
634 2836 674 2896 ad
690 2834 909 2896 defensionem
931 2837 1108 2910 accingam,
1134 2855 1230 2911 quem
1252 2833 1284 2894 in
1299 2854 1343 2894 re·

184 2933 413 3009 prehendendo
434 2931 538 2993 virum
559 2933 719 2993 eruditum
741 2951 891 2992 servasse
913 2931 1019 2992 video.
1309 2931 1310 2939 ’

225 3029 312 3090 Haec
334 3049 373 3090 eo
394 3029 608 3106 praedicenda
633 3027 775 3100 fuerunt,
800 3042 849 3101 ut,
881 3029 909 3089 si
940 3029 994 3104 qui
1025 3027 1107 3090 forte
1138 3048 1210 3090 mea
1234 3027 1343 3100 verba,

182 3140 443 3204 quantacumque
465 3139 548 3198 sunt,
573 3125 691 3201 legant,
715 3125 791 3202 quid
813 3145 895 3187 nunc
918 3125 997 3185 mihi
1018 3124 1050 3184 in
1073 3125 1179 3186 animo
1203 3125 1258 3197 sit,
1283 3123 1346 3187 iam

182 3245 203 3285 a
225 3223 381 3302 principio
404 3236 599 3300 compertum
622 3223 771 3284 habeant.
796 3221 891 3297 Quod
915 3225 943 3283 si
964 3221 1036 3299 quis
1059 3222 1150 3299 plura
1170 3223 1345 3298 legere-cu·

185 3322 261 3399 piat,
286 3342 382 3399 quam
404 3341 486 3398 quae
507 3322 586 3383 haec
610 3321 738 3383 exhibet
760 3321 874 3394 orati0,
900 3341 972 3382 cum
1001 3322 1041 3382 ad
1070 3335 1215 3383 nostram
1247 3321 1343 3392 illam,

185 3440 282 3496 quam
305 3419 377 3491 dixi,
402 3418 704 3481 commentationem
726 3417 926 3494 delegamus.

226 3517 314 3593 Ergo
336 3516 398 3576 hoc
416 3517 458 3576 sit
478 3515 636 3593 primum,
652 3527 686 3576 ut
702 3516 960 3576 demonstremus
982 3512 1099 3595 falsum
1114 3533 1188 3575 esse
1206 3535 1283 3592 lcum
1297 3533 1348 3575 ve·

184 3627 256 3675 tera
271 3615 311 3674 de
333 3612 480 3673 Iuvenale
495 3611 690 3683 testimonia,
709 3611 826 3688 quibus
849 3612 946 3688 vulgo
967 3611 1053 3672 Vitae
1069 3630 1184 3672 nomen
1200 3623 1260 3683 est,
1280 3623 1348 3672 tum
1417 3641 1420 3648 ·

186 3710 337 3771 Malalam
359 3722 390 3770 et
420 3706 564 3781 Suidam,
589 3711 720 3786 antiqua
752 3711 894 3771 demumr
914 3706 1043 3770 Scholia
1076 3710 1115 3769 de
1146 3708 1348 3784 imperatoris

186 3807 314 3869 nomine
336 3825 515 3882 congruere
536 3825 555 3866 a
575 3826 639 3882 quo
662 3805 805 3884 Aquinas
827 3820 924 3883 poeta
939 3805 1017 3867 urbe
1039 3804 1131 3868 fuerit
1154 3820 1348 3869 summotus.

186 3903 283 3980 Quod
306 3907 391 3965 enim
412 3923 509 3964 unam
531 3902 726 3982 alteramque
747 3917 869 3966 tantum
890 3903 998 3966 Vitam
1018 3935 1059 3948 -
1080 3917 1114 3964 ut
1135 3902 1197 3965 hoc
1220 3917 1347 3966 utamur

184 4002 286 4064 verbo
300 4034 341 4047 —
355 4002 526 4065 dissentire
541 4001 675 4064 Tartara
688 4022 747 4080 pro
764 4015 851 4063 certo
868 4002 945 4064 dicit
956 4000 1010 4080 (2),
1028 4020 1088 4063 nae
1104 4000 1157 4061 ille
1173 4001 1351 4062 'vehemen-

222 4189 307 4294 (nn
328 4223 517 4294 Lugli01882.
537 4223 620 4278 xum.
643 4223 699 4278 no.

221 4310 257 4378 (2)
282 4330 295 4361 u
313 4309 324 4362 l
342 4310 415 4364 sonti
432 4309 611 4364 s'accordano
636 4309 686 4364 che
703 4311 734 4364 su
756 4309 928 4377 Domiziano,
947 4313 1026 4364 tanto
1045 4308 1070 4364 le
1088 4312 1144 4364 coel
1162 4308 1235 4362 dotto
1257 4308 1351 4375 Vitae,
