3368 5094
812 299 946 354 ..14-

299 424 327 487 si
348 425 475 501 agimus
496 424 537 486 de
558 441 592 484 re
612 421 788 502 verisimili,
812 421 924 488 nescio
946 443 1002 485 cur
1024 423 1196 486 revertenti
1218 423 1258 486 ab
1280 422 1394 485 exsilio
1414 423 1468 486 lu-

298 520 403 582 venali
419 519 572 596 gratulari
591 519 741 582 versibus
756 517 826 580 suis
846 517 1006 581 Martialis
1028 539 1095 582 non
1108 533 1234 598 posset,
1257 519 1322 596 qui,
1339 519 1466 582 Romae

298 637 372 680 cum
392 631 490 690 esset,
507 617 721 682 saturnalicias
742 637 835 678 nuces
849 615 1081 693 epigrammate
1096 627 1227 689 ornatas
1243 637 1278 678 se
1300 619 1466 694 quondam
1498 605 1501 612 ¹

298 713 439 777 luvenali
460 713 591 776 misisse
614 713 681 776 suis
703 711 807 790 ipsius
827 711 937 774 verbis
959 713 1140 776 clarissime
1162 712 1303 776 ostendit
1323 714 1379 793 (1).

338 811 445 888 thue
466 811 530 873 alio
553 829 736 872 sermonem
757 809 957 884 transferam,
981 824 1112 889 propter
1133 811 1217 872 hanc
1239 830 1369 888 quoque
1390 831 1464 874 cau-

300 928 370 972 sam
384 922 514 986 poetam
536 927 554 969 a
568 907 754 969 Domitiano
775 905 808 968 in
824 906 971 969 exsilium
985 909 1122 970 missum
1137 928 1211 969 esse
1232 908 1358 984 negavi,
1376 909 1466 985 quod

298 1005 394 1068 huius
415 1004 491 1067 facti
512 1003 601 1066 nulla
620 1003 741 1066 mentio
763 1003 806 1066 sit
827 1005 913 1080 apud
935 1003 1138 1067 Suetonium.
1156 1003 1222 1067 Sed
1242 1019 1329 1066 recte
1349 1025 1390 1066 an
1412 1026 1465 1066 se-

300 1121 357 1165 cus
388 1101 421 1163 in
447 1121 499 1162 rne
531 1115 756 1178 argumentum
777 1115 905 1178 regerat
936 1101 1070 1164 Tartara
1091 1103 1146 1182 (2),
1171 1101 1378 1164 considerent
1409 1101 1465 1179 qui

299 1199 420 1262 nullam
441 1199 595 1271 Hadriani
615 1198 715 1261 vitam
736 1198 850 1262 litteris
871 1199 1034 1277 proditam
1055 1219 1129 1262 esse
1152 1199 1267 1272 sciunt,
1291 1219 1465 1275 quaecum

301 1296 500 1360 Suetoniana
530 1295 706 1358 Domitiani
727 1295 769 1358 sit
791 1299 1029 1373 comparanda;
1053 1296 1258 1359 considerent
1278 1296 1333 1373 qui
1354 1295 1466 1372 explo-

298 1406 366 1457 rate
386 1405 573 1471 perceptum
587 1391 708 1454 habent
729 1391 863 1455 multaa
883 1392 980 1455 nobis
996 1393 1172 1456 desiderari
1193 1413 1287 1471 quae,
1305 1393 1333 1455 si
1354 1407 1466 1456 essent

300 1491 440 1568 cognita,
464 1492 506 1552 ad
531 1489 685 1552 Hadriani
717 1502 864 1567 tempora
891 1489 1040 1567 factaque
1071 1489 1262 1554 illustranda
1292 1491 1465 1568 plurimum

299 1591 527 1651 conducerent,
540 1587 600 1648 Hic
614 1586 711 1650 velim
723 1587 921 1665 aliquantum
937 1608 1048 1650 secum
1061 1603 1187 1668 reputet
1201 1587 1345 1663 Tartara,
1359 1601 1465 1650 utrum

297 1684 498 1763 probabilius
521 1685 562 1747 sit
583 1684 742 1747 luvenalis
764 1684 912 1748 exsilium
932 1685 966 1746 in
988 1685 1163 1749 Domitiani
1184 1685 1251 1748 vita
1273 1683 1465 1748 Suetonium

300 1782 427 1845 silentio
448 1781 666 1860 praeteriisse,
689 1804 731 1844 an
748 1770 785 1843 ¹in
812 1782 967 1845 Hadriani
987 1785 1053 1846 vita
1077 1781 1279 1861 Spartianus,
1304 1782 1395 1846 cuius
1417 1782 1466 1844 di·

299 1877 430 1954 ligentia
451 1878 484 1939 in
504 1878 642 1940 historia
663 1881 829 1956 quomodo
844 1899 917 1941 cum
940 1877 1099 1942 Suetonio
1121 1879 1311 1952 conferatur,
1330 1897 1464 1956 prorsus

300 1978 423 2037 nescio.
445 1973 519 2036 Non
540 1995 605 2053 quo
627 1975 706 2036 nihil
721 1974 828 2053 plane
850 1976 1058 2050 desideretur,
1084 1979 1170 2053 quod
1192 1989 1316 2052 spectet
1337 1978 1377 2037 ad
1398 1975 1466 2036 Do-

299 2071 423 2134 mitiani
443 2071 543 2135 vitam
571 2085 603 2134 et
623 2057 725 2146 facta3
750 2075 808 2134 sed
829 2073 861 2135 id
882 2087 1007 2137 tantum
1032 2072 1175 2149 intellegi
1195 2073 1272 2135 volo
1294 2072 1385 2149 plura
1410 2092 1466 2133 ea-

301 2172 437 2246 demque
452 2170 590 2232 certiora
605 2172 644 2232 de
665 2170 849 2233 Domitiano
865 2192 961 2249 quarn
983 2172 1024 2233 de
1038 2171 1202 2233 Hadriano
1217 2183 1343 2232 veteres
1359 2189 1465 2230 rerum

301 2267 475 2345 scriptores
490 2266 604 2331 litteris
625 2267 808 2330 tradidisse.
826 2266 908 2342 Quis
929 2269 1027 2344 igitur
1047 2268 1114 2330 iure
1128 2287 1181 2328 me
1194 2267 1408 2345 reprehendat
1423 2265 1461 2338 si,

301 2385 374 2427 cum
394 2377 468 2427 ante
490 2364 644 2427 Hadriani
664 2366 834 2442 imperium
854 2364 976 2427 nullum
996 2365 1090 2428 fuerit
1115 2364 1274 2428 luvenalis
1300 2362 1460 2436 exsilium,

299 2462 385 2525 hunc
407 2463 492 2538 apud
515 2460 712 2523 Hadrianum
740 2463 773 2521 in
794 2459 917 2522 offensa
937 2460 1038 2523 fuisse
1060 2462 1348 2533 demonstraver03
1371 2479 1465 2537 prae-

301 2559 412 2620 sertim
433 2579 506 2620 cum
535 2572 566 2620 et
588 2579 626 2619 ea
653 2578 757 2636 poena
787 2557 940 2636 principis
969 2557 1099 2635 ingenio
1128 2557 1259 2618 minime
1281 2576 1462 2634 repugnare

299 2656 446 2718 videatur
467 2669 498 2717 et
510 2655 602 2718 ‘inter
623 2675 737 2717 omnes
758 2654 851 2717 Vitas
873 2657 913 2718 de
935 2655 1047 2718 exsilio
1070 2655 1149 2718 satis
1172 2654 1367 2717 conveniat?

340 2752 427 2827 Quid
446 2754 553 2814 dicam
575 2755 614 2814 de
635 2753 699 2814 illis
727 2751 879 2815 Tartarae
910 2752 1046 2826 verbis,
1064 2751 1181 2830 quibus
1212 2754 1367 2814 docemur
1398 2749 1463 2812 Ha·

301 2849 402 2911 driani
423 2870 530 2912 rerum
562 2849 746 2927 scriptores,
772 2871 844 2912 curn
866 2852 905 2911 de
928 2848 1075 2912 Iuvenale
1098 2849 1223 2920 sileant,
1253 2868 1312 2911 eos
1345 2862 1462 2919 tamen,

301 2966 385 3024 quos
406 2946 580 3024 imperator
593 2961 783 3024 persecutus
804 2946 857 3019 sit,
876 2966 935 3008 suo
952 2949 1081 3008 nomine
1110 2950 1262 3008 notasse?
1282 2945 1340 3025 (3).
1365 2943 1466 3022 Equi·
1560 2944 1567 2958 “

301 3046 384 3117 dem,
410 3062 484 3106 cum
505 3043 811 3106 commentationem
832 3063 937 3105 meam
958 3063 1133 3116 exararem,
1157 3041 1312 3105 Hadriani
1333 3043 1466 3104 vitama

302 3139 475 3218 Spartiano
490 3141 707 3219 conscriptam
721 3142 754 3202 in
776 3140 925 3204 manibus
939 3140 1048 3214 habui,
1073 3140 1184 3218 inqua
1205 3161 1278 3202 cum
1298 3138 1466 3217 complura

302 3240 342 3299 de
362 3238 513 3300 extremis
535 3241 605 3300 eius
633 3239 841 3317 temporibus,
866 3252 934 3301 tum
959 3239 1039 3300 haec
1061 3239 1198 3299 maxime
1229 3235 1461 3299 animadverti:

309 3333 468 3398 «Tunc...
500 3334 728 3397 Servianum...
746 3335 830 3397 mori
857 3336 975 3412 coegit:
1006 3334 1149 3396 multis
1172 3334 1272 3396 aliis
1295 3332 1466 3395 interfe-

309 3457 319 3488 r
341 3432 421 3495 ctis
442 3432 494 3495 vel
516 3447 639 3510 aperte,
662 3433 715 3495 vel
736 3453 792 3512 per
812 3432 949 3494 insidias
971 3455 1000 3492 ι.
1026 3431 1112 3494 ldem
1139 3431 1202 3493 alio
1231 3431 1325 3493 loco:
1362 3455 1372 3486 r
1396 3428 1465 3492 Sub

309 3553 319 3583 r
340 3528 413 3606 ipso
435 3532 549 3592 mortis
577 3528 832 3612 tempore...,ob
861 3528 950 3591 leves
973 3527 1115 3591 offensas
1139 3529 1345 3605 plurimos
1371 3527 1468 3590 iussit

337 3801 375 3956 lli)
395 3801 559 3942 llsllaltlbio
576 3903 632 3940 non
651 3901 736 3941 narra
753 3887 829 3940 nella
846 3885 911 3940 Vita
927 3886 956 3940 di
975 3885 1137 3940 Domitiano
1148 3885 1251 3940 l'esilio
1263 3886 1291 3939 di
1304 3883 1467 3942 Giovenrtle.

303 3970 476 4026 thorciemo
489 3973 700 4040 l’argomsntoe
715 3970 896 4042 replicbismo
910 3971 961 4025 che
975 3987 1121 4026 nemmsno
1133 3971 1173 4040 gli
1187 3971 1283 4024 storici
1297 3970 1325 4024 di
1338 3971 1466 4025 Adriano

302 4072 357 4152 non
375 4057 526 4110 nominans
544 4055 693 4110 Giovanale
714 4057 902 4110 enumerando
922 4056 948 4111 le
967 4071 1082 4126 persone
1100 4055 1291 4126 perseguitate
1309 4056 1345 4109 de
1362 4059 1462 4125 questo

301 4145 589 4296 mlblrltbllnsloriei
617 4226 644 4279 di
672 4226 797 4279 Adriano
823 4241 878 4279 nou
900 4225 1052 4279 nominatio
1070 4225 1219 4280 liiorenale
1236 4223 1424 4280 enumerando
1441 4223 1468 4277 le

304 4326 421 4381 persons
438 4310 629 4381 per-aeguitate
646 4310 681 4363 da
698 4313 799 4380 questo
816 4311 984 4380 imperatore
1003 4329 1029 4362 u.
