3368 5094
844 329 962 382 -6-
1057 345 1061 355 ·

323 458 370 507 ter
391 445 590 510 errat.1Nam
617 446 754 524 primum
782 459 814 509 et
834 445 908 510 Vita
936 447 1050 522 Probi,
1075 467 1157 524 quae
1179 446 1308 520 dicitur,
1338 465 1485 524 quaeque

323 543 452 606 maximi
467 545 610 607 omnium
622 544 776 624 ponderis
791 560 841 608 est
855 549 939 624 apud
954 547 1094 618 criticos,
1110 559 1142 608 et
1155 545 1230 608 Vita
1244 543 1373 618 Donati,
1388 563 1484 622 quam

323 655 450 714 vocant,
474 656 569 719 atque
590 642 653 716 illa,
669 663 765 719 quam
781 663 798 704 e
815 642 935 705 Codice
948 643 1127 706 Bodleiano
1142 642 1315 720 descripsit
1329 640 1369 704 Ο.
1386 640 1485 703 Muel-

322 739 418 810 lerus,
434 738 551 815 quibus
573 741 703 816 quidem
723 739 872 817 primum,
888 731 1016 804 tertium
1031 755 1064 803 et
1084 740 1231 817 quintum
1247 739 1355 814 locum
1370 740 1402 800 in
1425 759 1485 800 sua

323 835 595 899 luvenalianarum
625 837 796 900 satirarum
826 839 964 901 editione
986 839 1168 916 adsignavit
1194 837 1274 902 Otto
1294 835 1480 915 lahnus(1),

323 935 522 1010 imperatoris
554 953 672 996 nomen
702 934 829 997 silentio
858 935 1124 1012 praetermittunt.
1149 934 1230 998 Cum
1253 947 1360 997 autem
1381 946 1481 1005 sexta,

323 1049 418 1106 quam
439 1029 471 1091 in
492 1030 582 1092 lahni
604 1030 743 1093 editione
765 1028 903 1108 legimus
918 1032 975 1111 (2),
989 1031 1064 1094 Vita
1084 1031 1258 1093 Traianum
1272 1030 1361 1093 velut
1381 1028 1484 1092 exsilii
1528 1100 1534 1110 ,

323 1140 487 1190 auctorem
501 1126 652 1205 proferat,
670 1127 807 1205 septima
820 1127 865 1208 (3)
880 1149 957 1192 vero
971 1161 1012 1176 -
1026 1129 1077 1191 cui
1092 1129 1306 1192 adiiciendum
1322 1141 1371 1190 est
1386 1126 1485 1190 scho-

323 1223 390 1286 lion
412 1225 451 1286 ad
471 1235 529 1286 sat.
548 1224 614 1298 Vll,
636 1247 674 1304 9²
696 1257 736 1272 -
751 1223 921 1288 Claudium
941 1226 1114 1300 Neronem,
1132 1246 1228 1288 nemo
1250 1245 1316 1288 non
1336 1227 1424 1287 videt
1443 1257 1485 1270 -

323 1323 362 1385 de
384 1335 498 1384 octava
519 1321 614 1395 enirn,
638 1342 735 1399 quarn
756 1323 789 1383 in
811 1323 952 1392 medium
967 1323 1056 1386 affert
1076 1322 1219 1395 Tartara,
1243 1321 1323 1383 infra
1338 1321 1483 1384 dicemus

321 1449 362 1464 -
382 1418 445 1480 iam
461 1419 513 1495 agi
534 1435 599 1479 non
621 1438 730 1496 posse,
749 1421 788 1481 ad
810 1420 1014 1497 imperatoris
1036 1439 1154 1481 nomen
1170 1421 1258 1497 quod
1280 1419 1400 1492 attinet,
1419 1415 1481 1480 nisi

322 1517 362 1576 de
382 1515 447 1577 vita
469 1517 610 1578 secunda
632 1531 663 1578 et
684 1531 814 1594 quarta,
839 1519 879 1579 ad
901 1536 981 1593 quas
1003 1516 1057 1578 illa
1077 1519 1243 1589 accedunt,
1269 1535 1351 1592 quae
1372 1537 1391 1577 a
1411 1514 1485 1576 Ma*-

321 1611 393 1684 lala‚
409 1609 510 1674 Suida
524 1626 556 1674 et
578 1611 772 1676 Scholiastis
788 1613 962 1675 memoriae
984 1614 1100 1675 tradita
1122 1599 1206 1675 sunt}
1223 1611 1320 1675 -At
1341 1625 1431 1673 sexta
1445 1631 1482 1673 ac

229 1700 233 1704 ’
322 1708 458 1785 septima
478 1708 596 1772 nullius
612 1723 686 1772 sunt
706 1710 871 1786 ponderis,
889 1708 932 1773 ait
946 1709 1079 1772 Tartara
1091 1709 1146 1790 (4).
1164 1710 1233 1772 Hoc
1254 1729 1329 1771 vere
1343 1709 1484 1786 quadam

322 1819 470 1882 exparte
492 1805 612 1868 dictum
634 1826 707 1867 esse
736 1809 809 1884 quis
830 1811 947 1883 neget?
973 1807 1056 1869 Mihi
1084 1820 1191 1869 tamen
1218 1822 1314 1867 nemo
1343 1805 1483 1867 suaserit

322 1901 454 1964 maioris
475 1923 550 1965 esse
571 1905 746 1965 secundam
775 1917 806 1965 et
827 1917 983 1981 quartam,
1009 1924 1082 1966 cum
1113 1904 1211 1966 altera
1239 1903 1484 1980 octogenarium

320 2012 450 2084 poetam
473 2020 490 2060 a
518 1999 702 2062 Domitiano
724 1999 917 2077 imperatore
938 2000 970 2060 in
991 2000 1175 2079 Aegyptum
1196 1999 1333 2062 missum
1354 2019 1428 2061 esse
1451 2013 1483 2061 et

320 2108 428 2159 tamen
451 2097 491 2158 ad
511 2095 637 2158 Nervae
662 2117 698 2159 ac
727 2096 855 2158 Traiani
881 2097 1094 2175 principatum
1120 2097 1337 2174 supervixisse
1358 2114 1483 2158 memo-

320 2207 368 2256 ret
388 2192 443 2273 (5);
467 2192 566 2256 altera
593 2207 700 2256 autem
721 2215 885 2271 nunquam
905 2195 938 2256 in
958 2198 1097 2273 patriam
1118 2214 1137 2256 a
1157 2194 1250 2256 novis
1278 2192 1478 2271 principibus

319 2304 396 2368 post
416 2290 590 2353 Domitiani
618 2304 754 2353 mortem
785 2292 968 2354 restitutum
998 2311 1071 2354 esse
1103 2291 1208 2354 narret
1233 2292 1288 2371 (6);
1323 2292 1411 2368 quod
1441 2308 1482 2350 ne

320 2385 472 2451 Tartarae
486 2389 626 2465 quidem,
651 2402 685 2451 ut
709 2387 857 2461 arbitror,
875 2388 1047 2450 verisimile
1063 2388 1130 2449 fieri
1144 2401 1263 2465 potest.
1280 2388 1373 2450 Adde
1393 2388 1480 2465 quod

319 2484 391 2562 ipsa
412 2484 546 2558 scholia,
564 2505 646 2562 quae
668 2487 708 2546 de
729 2484 886 2548 luvenalis
908 2485 1019 2548 exsilio
1035 2487 1229 2549 mentionem
1251 2485 1379 2559 faciunt,
1398 2485 1480 2548 inter

322 2601 356 2644 se
378 2602 475 2659 quam
500 2583 636 2644 maxime
656 2597 812 2660 pugnant.
837 2582 919 2644 Cum
948 2583 1086 2644 enimin
1108 2582 1241 2645 scholiis
1264 2585 1304 2645 ad
1329 2594 1386 2644 sat.
1410 2581 1439 2655 l,
1467 2604 1477 2642 1

320 2692 352 2741 et
371 2678 424 2752 lV,
451 2683 485 2759 38
507 2693 634 2757 poetam
655 2679 829 2743 Domitiani
849 2681 940 2743 iussu
963 2681 1129 2743 exsulasse
1146 2680 1300 2758 scriptum
1321 2680 1479 2758 legamus,

321 2774 447 2838 scholio
470 2778 510 2838 ad
529 2787 586 2838 sot.
610 2776 675 2849 Vll,
700 2798 736 2856 92
760 2797 866 2840 cuma
882 2778 1016 2841 Claudio
1038 2777 1167 2840 Nerone
1187 2778 1365 2854 relegatum
1378 2775 1480 2838 fuisse

320 2874 483 2935 docemur.
507 2873 678 2936 Praeterea
698 2877 814 2952 ipsum,
839 2877 926 2952 quod
948 2876 1045 2936 modo
1068 2873 1253 2947 memoravi,
1271 2873 1419 2935 scholion
1441 2875 1483 2934 ad

319 2981 376 3032 set.
399 2969 451 3043 lV,
478 2973 513 3050 38
534 2970 716 3033 Iuvenalem
737 2971 769 3032 in
790 2971 939 3051 Aegypto
962 2984 1122 3034 mortuum
1138 2991 1212 3032 esse
1234 2969 1378 3034 affirmat:
1397 2972 1482 3048 quod

321 3066 461 3144 quidem,
490 3067 551 3130 etsi
572 3088 633 3130 nos
662 3068 725 3130 alia
745 3067 917 3131 deficerent
938 3083 1136 3145 argumenta,
1152 3088 1287 3146 prorsus
1309 3088 1328 3129 a
1348 3068 1482 3130 veritate

320 3315 425 3380 quanto
453 3308 585 3374 Mulelas,
605 3308 690 3362 Suida
718 3325 732 3361 a
755 3308 794 3376 gli
813 3307 891 3362 icelii
910 3325 926 3362 a
944 3307 1001 3362 Set.
1022 3309 1042 3372 l,
1065 3307 1075 3361 l
1095 3325 1110 3360 e
1129 3307 1176 3373 lV,
1195 3307 1295 3363 38...
1317 3307 1483 3362 Dissentono

321 3395 443 3450 soltanto
461 3393 488 3446 le
507 3395 571 3448 Vite
588 3393 620 3448 6²
638 3411 653 3449 e
670 3394 711 3456 7⁸,
731 3410 775 3446 ma
794 3409 843 3446 eon
862 3393 926 3446 Vite
945 3410 1029 3447 senza
1047 3393 1140 3448 valore
1157 3412 1182 3448 n.

356 3479 391 3548 (l)
407 3479 443 3532 D.
462 3479 547 3532 Iunii
572 3479 725 3532 Iuvenalis
751 3479 933 3533 Saturarum
961 3478 1031 3532 libri
1062 3479 1085 3531 V
1102 3495 1169 3534 cum
1185 3478 1307 3533 scholiis
1324 3478 1480 3533 veteribus.

320 3564 457 3631 Berolini,
480 3562 553 3628 1851,
574 3581 620 3634 pp.
639 3562 700 3632 386,
718 3563 780 3620 388.

354 3648 391 3718 (2)
410 3649 477 3718 Pag.
498 3647 558 3704 389.

354 3734 390 3804 (3)
410 3735 481 3803 Peg.
500 3733 560 3790 390.

355 3819 391 3888 (l)
410 3819 469 3874 Cfr.
490 3836 554 3888 pag.
576 3835 650 3889 sup,
669 3820 765 3873 adnot.

353 3903 390 3973 (5)
414 3920 611 3974 «quemquam
638 3902 836 3971 octogenarius
854 3904 922 3956 urbe
947 3906 1101 3957 summotus
1129 3904 1285 3973 missusque
1303 3903 1338 3956 ed
1357 3903 1485 3973 praetec-

319 3991 411 4044 turam
430 3989 554 4042 cohortis
573 3989 601 4041 in
621 3994 744 4043 extrema
761 3990 883 4058 Aegypti
902 3994 982 4057 perte
1002 3987 1163 4041 tendentis.
1185 4025 1257 4045 ....
1278 3989 1483 4057 revertiturque

320 4073 459 4127 luvenalis
489 4071 614 4139 Romam,
633 4076 680 4144 qui
708 4073 818 4128 tandem
845 4073 879 4128 ad
907 4073 1015 4127 Nervae
1041 4079 1069 4126 et
1087 4071 1200 4126 Traiani
1219 4074 1408 4143 principatum
1434 4088 1484 4126 eu·

319 4158 494 4228 pervirens»
516 4162 568 4211 etc.
636 4171 641 4182 ·

355 4243 391 4312 (6)
413 4263 425 4292 e
444 4243 567 4297 exulavit
593 4242 621 4297 in
649 4244 775 4313 Aegypto
790 4279 817 4296 ..
835 4280 841 4296 .
862 4243 994 4298 reclude
1013 4258 1029 4296 a
1048 4243 1127 4296 novis
1145 4242 1319 4312 principibus
1339 4246 1484 4296 rat-ocatur

319 4333 363 4384 ert
378 4368 384 4382 .
400 4366 429 4382 ..
448 4326 567 4384 deceruit
583 4326 666 4397 longo
685 4327 762 4382 eonio
779 4328 921 4384 contectus
938 4329 1001 4384 exul
1018 4330 1160 4384 Antonino
1179 4329 1229 4384 Pio
1246 4329 1416 4400 imperatore
1433 4347 1458 4382 r.
