3368 5094
859 312 993 367 -10..

347 437 589 499 contendamus.
611 435 677 498 Sed
699 435 790 498 aliter
811 454 846 496 se
863 441 898 495 s'e
918 453 971 496 res
992 433 1102 497 habet.
1118 434 1159 498 Et
1180 435 1309 512 quidem
1329 435 1505 512 paullisper

347 533 588 594 consideremus
610 532 760 611 quaevis
787 531 838 592 his
859 530 967 593 verbis
989 531 1086 593 insit:
1115 531 1222 592 Iunius
1248 531 1440 594 Iuvenalis...
1463 535 1504 593 ad

346 631 554 711 mediamsere
569 640 696 691 aetatem
711 629 904 690 declamavit.
923 627 959 690 Si
974 628 1058 689 enim
1073 629 1152 689 haec'
1167 648 1242 690 vera
1258 635 1385 691 sunt'-
1399 646 1502 706 neque

346 727 435 788 aliter
456 725 636 788 existimare
657 745 851 803 possumus,
876 745 948 787 cum
969 725 1030 785 hac
1051 727 1091 786 de
1118 743 1152 787 rc
1173 744 1285 786 omnes
1307 725 1399 787 Vitae
1425 745 1505 786 con-

347 823 484 886 sentiant
502 856 552 896 —‚
577 823 605 885 si
626 824 763 884 maxime
778 824 955 883 concedere
975 821 1081 894 velim,
1106 824 1195 899 quod
1215 821 1330 884 falsum
1351 835 1440 900 puto,
1457 822 1503 884 Iu·

346 920 491 981 venalem
512 940 596 981 anno
618 919 771 982 CXXVIII
792 918 877 980 diem
899 917 1032 991 obiisse,
1056 919 1135 995 quis.
1150 919 1214 980 iam
1239 919 1356 996 poterit
1377 917 1505 981 infitIari

346 1017 495 1078 Paridem
515 1016 748 1093 pantomimum
769 1035 787 1076 a
808 1015 991 1078 Domitiano
1014 1035 1053 1078 eo
1076 1036 1160 1078 anno
1183 1015 1296 1092 capitis
1317 1017 1503 1094 damnatum

347 1134 430 1185 esse,
454 1133 518 1190 quo
541 1111 697 1175 Iuvenalis
719 1113 859 1190 quinque
881 1126 911 1174 et
939 1112 1068 1189 triginta
1099 1129 1202 1175 annos
1234 1126 1329 1175 natus
1360 1102 1504 1175 nondum

347 1213 388 1272 ad
408 1211 546 1272 mediam
566 1224 704 1273 aetatem
723 1212 942 1287 pervenisset?
963 1211 1018 1290 (ι).
1036 1210 1120 1273 Cum
1147 1211 1232 1272 enim
1256 1209 1414 1272 Iuvenalis
1436 1230 1505 1271 am-

346 1308 430 1384 plius
452 1307 614 1384 octoginta
642 1326 744 1369 annos
775 1307 898 1388 vixerit,
922 1307 1034 1368 dubito
1067 1327 1143 1368 num
1175 1308 1215 1368 ad
1246 1307 1353 1384 ipsum
1385 1327 1503 1369 annum

285 1451 289 1459 .
346 1403 494 1465 LXXXIII
521 1402 630 1465 referri
650 1402 756 1480 possit
777 1403 855 1465 iIIud
875 1405 916 1464 ad
936 1405 1067 1464 mediam
1080 1407 1172 1484 sere
1194 1413 1321 1466 aetatem
1347 1405 1503 1465 declamo-

346 1503 399 1564 vz't.
424 1499 519 1576 Quod
541 1500 568 1561 si
590 1501 634 1563 ita
655 1514 752 1573 esset,
776 1501 808 1561 id
830 1519 959 1577 quoque
980 1499 1077 1563 nobis
1099 1513 1186 1562 esset
1206 1499 1386 1574 fatendum,
1412 1500 1503 1562 Iuve-

346 1598 450 1659 nalem
472 1598 602 1659 satiram
623 1597 656 1657 in
676 1597 911 1674 pantomimum
932 1610 986 1659 aut
1007 1596 1114 1673 paullo
1142 1610 1217 1674 post
1244 1610 1298 1659 aut
1329 1610 1402 1659 ante
1431 1597 1503 1660 eius

347 1707 483 1758 mortem
505 1694 739 1774 composuisse.
758 1692 793 1755 Si
814 1693 922 1771 paullo
944 1708 1029 1771 post,
1047 1693 1102 1771 qui
1123 1694 1271 1756 convenit
1292 1694 1441 1757 Paridem
1455 1695 1505 1756 di·

347 1811 419 1856 cere
439 1791 591 1869 principis
613 1792 723 1852 odIum
750 1790 782 1850 in
803 1789 985 1851 Iuvenalem
1006 1790 1125 1852 idcirco
1151 1791 1319 1852 incendere
1344 1791 1501 1869 potuisse,

347 1890 436 1966 quod-
455 1903 520 1951 tres
535 1887 661 1949 circiter
681 1907 783 1948 annos
799 1886 861 1949 sub
881 1887 1067 1949 Domitiano
1081 1890 1273 1965 imperatore
1295 1909 1367 1950 eum
1381 1888 1503 1950 vixisse

346 1985 508 2064 proditum
531 1985 573 2046 sit
593 1983 647 2064 (2),
670 1998 799 2061 poetam
821 1997 926 2046 autem
946 1998 1021 2060 post
1042 1984 1231 2061 pantomimi
1251 1998 1386 2047 mortem
1407 1998 1506 2047 extre-

348 2084 408 2144 mis
430 2083 560 2159 quidem
581 2080 755 2144 Domitiani
775 2079 975 2158 temporibus
997 2082 1113 2143 satirae
1134 2101 1256 2159 poenas
1278 2082 1423 2144 dedIssei
1444 2079 1500 2162 (3).

349 2178 386 2241 Si
401 2178 508 2256 paullo
531 2192 613 2250 ante,
632 2177 739 2239 animo
761 2190 885 2254 reputet
899 2176 1031 2239 Tartara
1052 2197 1133 2255 quae
1149 2175 1340 2254 significatio
1362 2179 1414 2240 his
1429 2179 1504 2242 Pro·

349 2275 462 2338 bianae
489 2259 582 2338 Vitae
602 2273 711 2337 verbis
741 2273 927 2336 subiiciatur
948 2285 1096 2337 ettamen
1117 2277 1192 2336 diu
1219 2299 1256 2337 ne
1283 2277 1405 2337 modico
1435 2278 1506 2360 qui-

347 2375 415 2434 dem
436 2373 590 2434 auditorio
605 2373 771 2452 quidquam
792 2373 979 2432 committere
994 2381 1038 2432 est
1059 2394 1160 2444 ausus,
1179 2395 1251 2434 mox
1272 2395 1413 2454 magno
1423 2377 1503 2454 sre-

349 2470 512 2552 quentia
540 2478 728 2550 tantoque
756 2490 941 2528 successu
962 2468 1020 2541 [bis
1041 2472 1151 2544 aeter]
1173 2470 1336 2546 auditus
1357 2480 1430 2545 est,
1467 2481 1502 2530 ut

348 2589 383 2626 aa
403 2587 522 2648 quoque
544 2587 641 2645 quae
664 2565 963 2646 primosecerot
983 2563 1140 2646 insercz'ret
1161 2566 1274 2628 novis
1294 2566 1498 2648 scriptis...

280 2714 284 2722 .
348 2672 413 2723 erat
427 2672 497 2722 tunc
518 2663 550 2721 in
571 2661 689 2722 deliciis
704 2659 792 2722 aulae
814 2661 957 2722 histrio
979 2661 1022 2741 (4)
1038 2675 1069 2724 et
1089 2681 1171 2739 quae
1187 2662 1503 2742 sequuntur.Nonne

347 2758 555 2842 perspicuum·
570 2770 622 2820 est
642 2756 693 2818 his
714 2756 821 2819 verbis
837 2757 1011 2833 significari
1032 2759 1114 2822 inter
1134 2758 1221 2820 illam
1241 2779 1417 2836 paucorum
1431 2777 1506 2824 ver·

349 2875 443 2916 suum
464 2853 594 2916 satiram
615 2867 647 2916 et
671 2853 829 2915 Iuvenalis
850 2853 997 2917 exsilium
1017 2854 1153 2917 multum
1174 2855 1327 2932 temporis
1349 2855 1505 2918 interces-

349 2951 451 3012 sisse?
439 2949 587 3012 >Nonne
609 2964 702 3028 poeta
723 2951 755 3010 in
776 2949 944 3012 histrionis
966 2950 1075 3012 odium
1089 2965 1121 3013 et
1137 2951 1354 3014 offensionem
1372 2953 1505 3016 incurrit

347 3061 519 3124 postquam
540 3069 585 3118 ea,
609 3069 685 3127 quae
702 3046 803 3127 prima
813 3050 944 3127 ficerat,
962 3047 1048 3108 novis
1062 3048 1183 3128 scriptis
1203 3049 1385 3130 instirs'erat‘?
1405 3043 1506 3158 Igitur

349 3142 516 3216 Iuvenalis,
540 3142 655 3204 Paride
677 3149 820 3215 suasore,
839 3163 857 3205 a
877 3142 1061 3206 Domitiano
1083 3145 1226 3206 damnari
1246 3165 1312 3207 non
1325 3159 1390 3224 pot
1378 3140 1447 3234 tuit
1462 3133 1505 3209 Xt

348 3261 423 3303 vero
444 3240 592 3304 extremis
618 3239 823 3302 Domitianit
811 3239 1011 3318 temporibus
1040 3240 1171 3306 satiram
1192 3242 1397 3347 composuit;
1404 3219 1502 3334 ¹:qupd

349 3428 550 3440 ....-—.-—-—-

383 3544 419 3614 (l)
439 3544 521 3598 Paris
537 3562 554 3599 9
573 3543 731 3598 Domitiano
742 3544 843 3615 capitis
855 3541 1005 3600 damnatus
1016 3549 1060 3600 996
1070 3561 1189 3615 annop
1208 3546 1275 3601 (ihr
1296 3563 1323 3601 n.
1344 3547 1503 3605 uxuxnn

384 3629 447 3699 (2)‹
440 3629 568 3683 «Paride
586 3633 647 3699 peri
665 3628 710 3684 nel
728 3631 803 3682 terzo
819 3643 893 3682 anno
906 3627 971 3682 dell'
976 3629 1085 3700 [mpero
1100 3630 1129 3685 di
1148 3631 1316 3687 Domitiano.
1335 3634 1361 3685 Α
1378 3631 1424 3686 nei
1435 3621 1507 3738 parit

350 3715 400 3769 eho
418 3714 545 3768 truanni
563 3715 715 3768 bostino».
1177 3749 1179 3756 ,

385 3799 421 3868 (3)
443 3817 456 3851 α
470 3799 521 3854 Nor
540 3797 645 3852 inemo
661 3813 805 3855 osscrvaro
821 3799 873 3854 ohe
891 3799 1053 3853 Domiaiano
1076 3804 1162 3869 regno
1179 3801 1240 3854 9699
1259 3753 1347 3868 9196,
1358 3791 1506 3882 99669316

349 3883 443 3938 ultimi
462 3885 522 3940 suoi
539 3883 607 3938 enni
624 3901 674 3939 son
697 3886 899 3954 predicamento
927 3883 1067 3954 9936696966
1094 3887 1141 3954 piu
1169 3886 1251 3954 degli
1264 3886 1330 3941 altri
1348 3875 1400 3957 per
1415 3875 1506 3956 966936

349 3970 382 4022 ed
400 3968 487 4064 esilii3
507 3970 656 4024 Giovenale
674 3974 739 4024 sart
755 3962 867 4042 dunquo'
885 3974 959 4026 stato
981 3969 1115 4024 99666969
1106 3985 1137 4024 ιι
1155 3971 1247 4041 questi
1263 3971 1352 4026 stessi
1366 3973 1452 4040 anun
1458 3977 1507 4026 no

348 4053 375 4109 ci
393 4052 417 4107 96
435 4052 551 4124 ropIIchi
568 4053 620 4108 che
631 4051 731 4108 Paride
744 4069 793 4109 9ι9
803 4059 903 4121 morto,
916 4053 1015 4124 porche
1031 4059 1047 4107 9
1064 4070 1104 4108 un
1117 4055 1290 4125 progiudinio
1306 4054 1400 4126 quello
1417 4012 1504 4112 969·
1479 4073 1507 4112 ιι

348 4139 440 4204 crede,
457 4136 510 4192 ohe
526 4136 585 4192 aiot
602 4136 624 4190 il
642 4137 777 4192 Monarca
789 4137 902 4208 punisse
914 4138 936 4192 il
946 4143 1029 4208 pocta
1041 4153 1090 4208 por
1100 4138 1268 4208 ietigozione
1282 4129 1467 4195 delliunmo
1479 4159 1506 4195 ι.
1558 4199 1566 4212 ,

383 4222 420 4292 (i)
439 4221 495 4275 cfr.
516 4220 596 4274 Inhni
612 4222 679 4276 edit.
699 4221 1147 4288 min.‚Ber01.‚MocchXV111‚
1165 4241 1192 4293 p.
1209 4220 1265 4280 1402
1279 4223 1394 4290 Eadem,
1405 4215 1506 4294 999969

349 4308 475 4375 mutatis,
492 4305 626 4376 leguntur
641 4305 726 4360 etiem
740 4307 773 4363 iu
794 4307 862 4362 Vltt
879 4305 1002 4363 secunda
1019 4299 1095 4376 (edit.
1115 4310 1195 4378 maia
1213 4322 1246 4379 ι).-
1257 4303 1333 4378 mitt
1393 4300 1411 4348 ;‚·
1448 4333 1451 4344 ·
