3368 5094
821 304 953 358 ...(6.-

302 431 393 488 mus?
408 425 462 504 (1).
476 424 559 486 Nam
570 427 658 502 quod
673 425 706 485 in
719 426 989 486 commentatione
1001 446 1073 486 mea
1084 445 1206 503 paucos
1223 429 1397 489 admodum
1414 449 1468 490 sa-

302 524 381 586 tirae
408 521 466 583 XV
492 543 606 584 versus
642 544 660 584 a
680 537 778 600 poeta
811 523 969 600 perfectae
998 523 1061 585 iam
1083 517 1202 587 satirae
1222 524 1315 586 senili
1338 545 1412 587 cura
1434 529 1469 586 in

207 655 209 660 ·
300 620 449 698 Aegypto
472 620 709 682 insertos'esse
731 619 940 696 comprobare
962 621 1071 682 studui
1092 621 1146 700 (2),
1170 621 1202 682 id
1225 621 1303 683 satis
1337 620 1465 683 firmum

303 732 414 781 contra
432 737 484 777 me
499 731 722 793 argumentum
743 714 896 778 Tartarae
911 718 1138 794 suppeditasse
1153 718 1206 779 vix
1220 738 1259 779 co
1276 720 1419 780 adducor
1432 732 1469 781 ut

303 817 441 876 credam.
455 812 592 876 Multum
614 815 698 874 enim
720 813 862 887 interest,
888 811 1053 891 quomodo
1075 814 1154 875 mihi
1175 818 1367 893 persuadeo,
1385 818 1469 878 inter

300 913 410 974 satiras
421 913 567 993 ampliare
582 923 611 973 et
616 914 764 993 pleraque
778 923 896 976 mutare
909 932 946 972 ac
961 912 1120 989 perfectae
1134 913 1198 974 iarn
1214 914 1330 975 satirae
1345 935 1466 991 paucos

300 1030 414 1071 versus
436 1009 587 1070 inserere.
601 1008 751 1071 Profecto
766 1008 845 1069 nihil
860 1008 958 1070 habui
980 1012 1065 1086 quod
1081 1010 1212 1071 mirarer
1226 1010 1468 1087 octogenarium

303 1120 433 1183 poetam
445 1119 539 1182 atque
554 1106 586 1167 in
601 1120 741 1169 extrema
755 1105 895 1185 Aegypti
909 1120 999 1184 parte
1012 1107 1154 1169 exsulem
1170 1121 1319 1184 quattuor
1335 1109 1466 1169 omnino
1554 1168 1567 1182 ,

303 1224 417 1266 versus
439 1204 623 1278 addidisse;
648 1223 705 1264 eos
728 1203 812 1264 enim
834 1224 852 1264 a
874 1204 1031 1265 luvenalis
1054 1204 1184 1282 ingenio
1206 1205 1369 1282 profectos
1391 1226 1466 1268 esse

303 1321 370 1362 non
397 1299 596 1378 repugnabo.
621 1299 700 1362 lllud
722 1301 831 1377 potius
857 1301 994 1362 maxime
1023 1303 1181 1375 demiror,
1213 1304 1300 1378 quod
1333 1302 1467 1365 Tartara

303 1418 425 1476 paucos
446 1397 520 1459 illos
542 1417 656 1459 versus
684 1397 865 1460 Iuvenalem
887 1398 951 1458 iam
972 1397 1012 1459 ab
1036 1399 1148 1459 exsilio
1170 1418 1336 1460 reversum
1357 1413 1469 1461 osten-

303 1499 377 1558 dere
399 1494 584 1556 firmissime
607 1509 772 1557 asseverat
794 1494 847 1574 (3).
871 1493 954 1555 Nam
976 1496 1004 1556 si
1027 1497 1173 1557 attendas
1195 1517 1278 1572 quae
1303 1497 1354 1558 vis
1376 1497 1468 1558 luve-

302 1592 438 1654 nalianis
453 1591 561 1653 verbis
584 1595 661 1653 insit
683 1602 830 1672 quantum
851 1593 914 1672 ipse
943 1593 1050 1654 notavi
1070 1593 1122 1672 (4),
1155 1613 1194 1653 ex
1215 1594 1267 1654 his
1290 1594 1322 1655 id
1344 1606 1469 1656 tantum

304 1688 413 1765 colligi
434 1688 518 1761 licet,
543 1702 673 1766 poetam
695 1688 727 1748 in
747 1688 897 1767 Aegypto
920 1690 1081 1765 quondam
1102 1689 1213 1752 fuisse.

342 1784 455 1862 Neque
476 1805 553 1847 vero
576 1788 616 1847 ad
631 1785 783 1848 Tartarae
806 1786 997 1848 sententiam
1019 1786 1110 1847 facile
1126 1787 1329 1860 accesserim,
1354 1786 1408 1865 qui
1424 1787 1468 1849 lu-

304 1884 450 1944 venalem
480 1882 722 1959 octogenarium
754 1882 879 1944 cohorti
911 1882 1040 1960 praefici
1072 1881 1191 1946 idcirco
1223 1904 1288 1946 non
1319 1886 1465 1962 potuisse

305 1979 426 2052 scribit,
452 1981 539 2056 quod
561 1980 623 2041 hoc
646 1994 733 2042 esset
753 1981 786 2041 in
808 1980 961 2041 Hadriani
983 2001 1072 2042 more
1094 1981 1303 2058 institutoque
1324 1981 1467 2059 positum

304 2091 340 2138 ut
362 2097 458 2138 senes
481 2098 644 2153 nunquam
672 2078 831 2140 eiusmodi
857 2077 932 2139 belli
957 2077 1144 2139 muneribus
1173 2093 1384 2156 praeponeret
1405 2079 1461 2158 (5).

304 2172 508 2249 Quamquam
523 2173 609 2234 enim
625 2173 704 2234 haec
720 2174 829 2252 opinio
845 2195 884 2235 eo
906 2175 1079 2236 minuenda
1104 2187 1163 2247 est,
1183 2177 1270 2251 quod
1285 2175 1464 2237 Hadrianus

305 2290 458 2347 semper
490 2270 527 2330 in
560 2269 746 2332 omnibus
779 2271 909 2332 varius
931 2271 998 2344 fuit,
1023 2285 1058 2334 ut
1080 2270 1270 2349 Spartianus
1292 2257 1387 2335 tradit
1409 2274 1463 2352 (ὁ),

304 2367 381 2444 quin
402 2368 576 2429 memoriae
604 2369 768 2428 mandavit
793 2367 926 2429 Tartara
947 2370 1034 2444 quod
1056 2371 1095 2431 de
1119 2368 1320 2445 Apollodoro
1344 2368 1383 2430 ab
1404 2369 1464 2430 Ha-

304 2464 415 2526 driano
438 2463 604 2526 interfecto
626 2463 684 2525 Dio
707 2463 842 2525 Cassius
859 2465 1013 2541 scriptum
1034 2465 1183 2541 reliquit?
1205 2465 1259 2545 (7).
1284 2466 1326 2528 Ut
1348 2466 1426 2528 mihi
1448 2488 1466 2527 a

303 2581 403 2638 pravo
420 2560 623 2638 imperatoris
645 2561 785 2637 ingenio,
810 2581 893 2637 quae
915 2562 1042 2624 suntin
1063 2562 1240 2624 Bodleiana
1256 2563 1330 2626 Vita
1351 2566 1391 2625 de
1412 2583 1466 2624 co-

304 2657 418 2719 dicillis
441 2660 480 2719 ad
506 2658 687 2719 Iuvenalem
719 2659 829 2720 missis
853 2658 912 2736 (8),
941 2679 1144 2736 nequaquam
1173 2659 1348 2722 abhorrere
1377 2661 1466 2722 vide-

305 2769 408 2816 antur.
554 2821 557 2826 ,

342 2852 389 2912 De
411 2851 514 2913 exsilii
535 2852 605 2914 loco
621 2851 700 2912 nihil
714 2852 826 2914 habuit
848 2852 991 2925 Tartara,
1010 2852 1072 2913 nisi
1093 2852 1196 2925 fallor,
1214 2855 1302 2929 quod
1317 2855 1465 2915 censoria

302 2947 427 3026 virgula
448 2962 583 3011 notaret.
607 2947 740 3021 Tamen,
764 2963 799 3011 ut
826 2948 946 3011 nullam
967 2949 1047 3009 mihi
1068 2948 1196 3011 laudem
1218 2949 1390 3022 tribueret,
1414 2970 1465 3010 me

303 3046 335 3107 in
357 3066 396 3108 eo
419 3046 618 3108 claudicasse
641 3046 799 3123 gloriatus
822 3060 881 3119 est,
907 3048 994 3122 quod
1016 3049 1173 3109 incertum
1194 3066 1268 3108 esse
1290 3046 1468 3109 affirmave-

338 3295 373 3363 (1)
396 3315 409 3346 r
428 3295 462 3347 nd
479 3295 547 3351 beno
573 3311 589 3346 a
608 3295 751 3364 proposito
769 3293 796 3347 10
814 3293 963 3362 Stampini
981 3293 1007 3346 ei
1028 3293 1163 3346 richiama
1182 3293 1239 3346 alla
1257 3293 1324 3348 Vita
1341 3294 1382 3363 4⁸,
1400 3294 1469 3349 dove

303 3379 412 3449 leggasi
431 3381 482 3434 che
501 3380 522 3432 il
541 3386 622 3449 poeta
641 3379 727 3435 rifece
744 3383 852 3432 mentre
871 3394 918 3431 era
936 3395 952 3431 a
970 3380 1079 3433 confine
1097 3379 1124 3431 le
1142 3380 1227 3433 satire
1245 3400 1270 3430 0.

340 3465 376 3534 (2)
396 3467 453 3520 cn.
473 3465 591 3519 Rtvtsra
609 3466 628 3520 l.
648 3482 673 3538 c.

339 3551 374 3620 (3)
397 3570 409 3601 r
427 3550 502 3604 nelle
520 3552 610 3604 satira
630 3549 727 3616 lhma,
748 3548 848 3603 scritta
859 3565 927 3617 poco
940 3549 1010 3618 dopo
1023 3549 1119 3603 l’anuo
1132 3549 1190 3614 127,
1204 3549 1224 3602 il
1244 3553 1325 3620 poeta
1336 3555 1425 3604 stesso
1438 3549 1465 3602 ci

303 3635 333 3688 fa
350 3636 494 3690 intendere
512 3635 563 3689 ohe
581 3635 637 3702 egli
655 3651 703 3688 era
720 3634 768 3702 git
786 3637 861 3687 stato
879 3635 907 3686 in
920 3633 1030 3703 Egitto,
1044 3635 1119 3689 ousia
1132 3633 1428 3689 ritornatodall’esilio
1440 3652 1467 3690 0.

338 3721 374 3786 (4)
392 3721 457 3775 Sat.
478 3720 540 3783 XV,
557 3720 601 3776 45.

341 3804 376 3874 (5)
399 3824 411 3856 r
429 3805 470 3873 gli
497 3806 592 3859 elerici
616 3805 643 3856 di
662 3804 784 3857 Adriano
800 3817 921 3855 natrano
939 3803 992 3856 ohe
1010 3809 1108 3872 questo
1127 3803 1297 3872 Imperatore
1315 3818 1370 3856 non
1389 3803 1468 3856 diade

304 3892 360 3946 mai
379 3891 484 3943 siffatto
502 3890 635 3944 comendo
653 3893 687 3941 ne
707 3889 732 3942 ai
751 3892 851 3956 troppo
869 3887 981 3953 giovani
1001 3887 1034 3940 nd
1055 3889 1081 3941 ai
1100 3893 1198 3958 troppo
1216 3888 1310 3942 vecchi
1323 3905 1346 3944 0.

340 3976 376 4044 (6)
395 3975 585 4029 (1111110100
602 3974 663 4039 011,
684 3991 709 4042 p.
727 3973 777 4027 459
798 3974 841 4040 (47
860 3971 904 4040 Ε).
997 4001 1002 4016 ·

338 4059 375 4130 (7)
395 4059 454 4115 cfr.
473 4059 589 4112 Rivirta
608 4058 668 4128 011,
688 4075 715 4126 p.
735 4056 786 4110 460
805 4055 848 4125 (48
866 4055 907 4123 Ε).

338 4145 375 4215 (8)
397 4164 410 4196 u
428 4148 460 4198 ut
479 4145 563 4197 sciret
580 4145 633 4198 sibi
652 4144 756 4197 iratum
776 4141 941 4210 principem,
959 4143 988 4194 in
1006 4142 1143 4196 codicillis
1153 4144 1212 4196 sui
1226 4144 1260 4196 ad
1273 4159 1335 4196 eum
1345 4143 1374 4195 in
1388 4155 1466 4196 exer-

303 4229 361 4284 citu
380 4229 525 4283 mittendis
543 4227 676 4282 inseruit:
700 4233 734 4280 'et
752 4232 779 4280 te
799 4225 949 4294 philomela
967 4227 1112 4297 promovit'
1124 4248 1149 4282 n.
1170 4228 1200 4281 ln
1212 4227 1290 4282 lehn.
1308 4226 1376 4282 edit.
1389 4225 1467 4295 mai,
