3368 5094
348 915 351 920 ,
418 837 508 906 sou
552 835 942 926 ruruorrcrs
995 833 1137 904 VrrA

624 1063 930 1108 CONTROVERSIA

236 1713 373 1792 Semper
394 1711 472 1774 mihi
498 1731 687 1790 persuasum
714 1709 773 1774 luit
794 1710 972 1774 litterarum
999 1709 1155 1774 studiosis
1183 1731 1255 1773 curn
1287 1713 1362 1776 seri·

195 1826 324 1890 prorum
346 1810 507 1883 omnium,
531 1823 599 1872 tum
620 1809 791 1887 praecipue
811 1807 1165 1886 praestantissimorum
1185 1808 1286 1882 vitas,
1312 1829 1362 1871 ae·

196 1923 279 1972 tates
306 1921 337 1970 et
362 1921 509 1986 tempora
530 1927 604 1970 esse
628 1907 863 1984 persequenda.
889 1903 971 1967 Cum
996 1905 1129 1967 veroin
1159 1904 1360 1968 satiricorum

196 2024 404 2068 romanorum
426 2004 567 2066 studium
594 2003 647 2066 diu
668 2017 802 2080 totoque
825 2003 931 2064 animo
952 2001 1175 2064 incubuissem
1196 2016 1291 2079 atque
1319 2004 1360 2065 ad

196 2120 308 2186 eorum
322 2102 442 2179 scripta
454 2101 623 2178 diligenter
634 2099 866 2178 pervolutanda
878 2119 1007 2178 operam
1020 2100 1230 2162 contulissem
1241 2119 1357 2174 meam,

198 2189 262 2261 nori
278 2197 418 2261 alienum
432 2196 542 2276 putavi
564 2197 642 2260 illud
658 2217 783 2274 quoque
798 2197 992 2273 cogitatione
1008 2197 1279 2274 comprehendere
1295 2217 1358 2274 quo

194 2296 332 2374 quisque
352 2295 446 2358 fuerit
468 2293 609 2372 ingenio,
627 2293 743 2372 quibus
765 2292 936 2356 virtutibus
952 2292 1095 2366 eluxerit,
1120 2291 1236 2370 quibus
1253 2305 1359 2357 autem

194 2392 281 2455 vitiis
303 2391 506 2465 laboraverit,
524 2405 591 2455 tum
614 2411 695 2470 quae
716 2391 748 2452 in
772 2389 919 2468 tempora
935 2391 1092 2464 inciderit,
1111 2378 1193 2471 quos
1209 2389 1358 2454 homines

194 2488 393 2568 cognoverit,
418 2509 498 2567 quos
521 2489 658 2566 denique
679 2489 711 2549 in
733 2508 828 2550 casus
851 2509 868 2549 a
889 2487 1016 2550 fortuna
1051 2488 1213 2549 demissus
1248 2486 1353 2550 fuerit.

221 2585 288 2648 'Nil
307 2586 403 2664 igitur
416 2587 533 2649 mirum
559 2587 597 2659 si,
616 2607 689 2648 cum
703 2585 737 2646 in
757 2583 796 2646 D.
813 2585 894 2648 lunii
913 2583 1073 2670 luvenalis
1089 2584 1196 2672 satiris
1212 2585 1266 2648 diu
1280 2584 1358 2648 mul·

193 2699 326 2762 tumque
345 2697 493 2747 versatus
521 2703 638 2756 essem,
664 2685 703 2746 de
732 2683 800 2745 eius
822 2682 1022 2760 temporibus
1051 2703 1088 2745 ac
1109 2683 1175 2745 vita
1203 2699 1357 2760 quaerere

194 2780 331 2855 decrevi,
345 2802 383 2844 ea
397 2781 527 2859 quidem
540 2795 647 2844 mente
661 2795 695 2844 ut
707 2780 941 2844 obscurissima
956 2799 1102 2858 quaeque
1114 2795 1145 2843 et
1160 2774 1355 2854 difficillima,

195 2893 349 2956 quantum
369 2878 437 2940 fieri
458 2892 582 2956 posset,
607 2876 821 2956 explanarem.
845 2877 958 2956 Neque
973 2877 1058 2939 enim
1080 2888 1147 2940 erat
1168 2875 1247 2938 mihi
1268 2877 1357 2954 igno·

194 2989 262 3054 tum
282 2988 404 3038 tant-arn
425 2976 465 3037 ad
493 2977 556 3037 hoc
586 2989 713 3053 tempus
743 2977 782 3036 de
811 2973 967 3037 luvenalis
991 2987 1095 3036 aetate
1122 2988 1216 3051 atque
1245 2972 1358 3036 exsilio

192 3072 381 3150 opinionum
403 3072 651 3154 discrepantiam
671 3071 772 3135 luisse
788 3073 869 3134 inter
891 3074 1015 3144 doctos,
1033 3071 1088 3149 qui
1109 3070 1142 3132 in
1157 3071 1225 3133 eius
1248 3069 1356 3133 satiris

122 3218 124 3222 Α
195 3170 336 3233 studium
357 3170 554 3248 posuissent,
573 3184 607 3233 ut
629 3169 784 3242 nonnulli,
798 3169 897 3231 veluti
912 3168 952 3230 ab
968 3167 1056 3230 omni
1079 3188 1136 3246 spe
1158 3167 1273 3231 deiecti
1290 3165 1358 3230 fore

194 3281 229 3330 ut
250 3265 369 3344 aliquid
391 3267 468 3330 certi
497 3266 651 3330 constitui
671 3267 788 3346 possit,
815 3285 882 3327 rem
903 3265 936 3326 in
957 3264 1064 3327 medio
1090 3264 1272 3342 relinquere
1293 3281 1382 3327 non·

194 3362 428 3438 dubitaverint;
445 3363 498 3428 alii
514 3379 621 3428 autem
637 3364 821 3441 complures
838 3365 1032 3440 easdemque
1047 3361 1267 3440 discrepantes
1284 3381 1359 3424 sen-

194 3460 311 3524 tentias
342 3461 542 3538 protulerint.
576 3461 649 3537 Ego
676 3480 756 3523 vero
786 3481 858 3523 cum
887 3458 1103 3521 difficillimam
1135 3458 1358 3536 quaestionem

194 3577 322 3619 mecum
343 3577 576 3635 saepenumero
598 3557 771 3620 meditatus
794 3577 910 3631 essem,
937 3559 1107 3619 doctorum
1129 3555 1258 3633 scripta,
1276 3575 1359 3633 quac

156 3721 160 3729 ,
195 3655 235 3716 ad
258 3651 345 3717 illam
365 3655 570 3733 pertinerent,
589 3655 832 3717 accuratissime
852 3655 1030 3734 expendere
1052 3651 1214 3727 constitui,
1232 3665 1267 3714 ut
1282 3651 1359 3731 quid

195 3752 325 3813 tandem
345 3749 460 3814 dehac
482 3773 516 3814 re
531 3752 733 3816 sentiendum
749 3766 846 3824 esset,
872 3752 1034 3830 explorate
1048 3749 1182 3830 possem
1204 3748 1356 3812 iudicare.

194 3847 278 3910 Cum
299 3848 396 3926 igitur
417 3848 449 3910 in
471 3849 579 3914 multis
609 3849 699 3912 libris
722 3851 868 3912 studiose
888 3849 1052 3910 volutatus
1074 3866 1200 3920 essem,
1225 3845 1357 3910 latinam

163 3991 169 4001 .
194 3946 499 4014 commentationem
521 3947 658 4020 exaravi,
677 3967 758 4024 quae
780 3945 911 4009 biennio
926 3958 999 4007 ante
1021 3944 1053 4005 in
1075 3942 1165 4006 hisce
1179 3943 1359 4021 ephemeri·

193 4039 289 4102 dibus
311 4039 396 4103 edita
416 4039 474 4103 fuit
489 4041 550 4120 (1).
575 4039 647 4117 Qua
672 4040 811 4120 quidem,
836 4054 871 4103 ut
892 4038 992 4102 multa
1012 4041 1125 4117 paucis
1148 4037 1354 4118 complectar,

119 4263 121 4266 ’
151 4259 154 4266 ’
228 4297 263 4367 (ll
283 4300 364 4354 anno
389 4297 440 4368 rx,
460 4298 533 4368 rear,
554 4299 622 4358 rasa.
645 4298 758 4366 100-1103
786 4314 833 4369 pp.
860 4295 989 4353 err-cao.
1007 4325 1041 4336 -
1060 4294 1122 4362 uu,
1147 4297 1258 4364 arrepta
1276 4309 1357 4350 0002.
