<?xml version="1.0" encoding="UTF-8"?>
<!DOCTYPE html PUBLIC "-//W3C//DTD XHTML 1.0 Transitional//EN"
    "http://www.w3.org/TR/xhtml1/DTD/xhtml1-transitional.dtd">
<html xmlns="http://www.w3.org/1999/xhtml" xml:lang="en" lang="en">
 <head>
  <title>
</title>
<meta http-equiv="Content-Type" content="text/html;charset=utf-8" />
  <meta name='ocr-system' content='tesseract 3.04.00' />
  <meta name='ocr-capabilities' content='ocr_page ocr_carea ocr_par ocr_line ocrx_word'/>
</head>
<body>
  <div class='ocr_page' id='page_1' title='image "./dejuvenalisvita00stamgoog_0020.png"; bbox 0 0 3368 5094; ppageno 0'>
   <div class='ocr_carea' id='block_1_1' title="bbox 730 265 879 339">
    <p class='ocr_par' dir='ltr' id='par_1_1' title="bbox 730 265 879 339">
     <span class='ocr_line' id='line_1_1' title="bbox 730 265 879 339; baseline -0.007 0"><span class='ocrx_word' id='word_1_1' title='bbox 730 265 879 339; x_wconf 66' lang='lat'><strong>-17-*</strong></span> 
     </span>
    </p>
   </div>
   <div class='ocr_carea' id='block_1_2' title="bbox 208 406 1468 3109">
    <p class='ocr_par' dir='ltr' id='par_1_2' title="bbox 208 406 1468 2722">
     <span class='ocr_line' id='line_1_2' title="bbox 212 406 1380 486; baseline -0.003 -14"><span class='ocrx_word' id='word_1_2' title='bbox 212 411 273 472; x_wconf 87' lang='lat' dir='ltr'><strong>rim</strong></span> <span class='ocrx_word' id='word_1_3' title='bbox 294 424 400 472; x_wconf 89' lang='lat' dir='ltr'><strong>utrum</strong></span> <span class='ocrx_word' id='word_1_4' title='bbox 421 409 525 486; x_wconf 91' lang='lat' dir='ltr'><strong>prima</strong></span> <span class='ocrx_word' id='word_1_5' title='bbox 545 406 763 469; x_wconf 89' lang='lat' dir='ltr'><strong>Delmatarum</strong></span> <span class='ocrx_word' id='word_1_6' title='bbox 785 406 903 468; x_wconf 84' lang='lat' dir='ltr'>cohors</span> <span class='ocrx_word' id='word_1_7' title='bbox 924 420 999 482; x_wconf 90' lang='lat' dir='ltr'><strong>post</strong></span> <span class='ocrx_word' id='word_1_8' title='bbox 1021 427 1140 468; x_wconf 90' lang='lat' dir='ltr'><strong>annum</strong></span> <span class='ocrx_word' id='word_1_9' title='bbox 1161 408 1227 469; x_wconf 91' lang='lat' dir='ltr'><strong>chr.</strong></span> <span class='ocrx_word' id='word_1_10' title='bbox 1253 407 1380 470; x_wconf 91' lang='lat' dir='ltr'>CXXIV</span> 
     </span>
     <span class='ocr_line' id='line_1_3' title="bbox 213 502 1380 578; baseline -0.001 -11"><span class='ocrx_word' id='word_1_11' title='bbox 213 506 246 567; x_wconf 91' lang='lat' dir='ltr'><strong>in</strong></span> <span class='ocrx_word' id='word_1_12' title='bbox 261 504 428 566; x_wconf 84' lang='lat' dir='ltr'><strong>Britannia</strong></span> <span class='ocrx_word' id='word_1_13' title='bbox 440 503 535 566; x_wconf 89' lang='lat' dir='ltr'><strong>fuerit</strong></span> <span class='ocrx_word' id='word_1_14' title='bbox 556 522 614 563; x_wconf 90' lang='lat' dir='ltr'><strong>nec</strong></span> <span class='ocrx_word' id='word_1_15' title='bbox 630 522 687 574; x_wconf 86' lang='lat' dir='ltr'><strong>ne;</strong></span> <span class='ocrx_word' id='word_1_16' title='bbox 704 516 803 578; x_wconf 90' lang='lat' dir='ltr'><strong>utque</strong></span> <span class='ocrx_word' id='word_1_17' title='bbox 817 521 922 562; x_wconf 88' lang='lat' dir='ltr'><strong>meam</strong></span> <span class='ocrx_word' id='word_1_18' title='bbox 938 502 1130 564; x_wconf 86' lang='lat' dir='ltr'><strong>sententiam</strong></span> <span class='ocrx_word' id='word_1_19' title='bbox 1145 503 1312 577; x_wconf 81' lang='lat' dir='ltr'><strong>refelleret,</strong></span> <span class='ocrx_word' id='word_1_20' title='bbox 1331 505 1380 566; x_wconf 88' lang='lat' dir='ltr'><strong>in-</strong></span> 
     </span>
     <span class='ocr_line' id='line_1_4' title="bbox 214 598 1468 680; baseline -0.001 -17"><span class='ocrx_word' id='word_1_21' title='bbox 214 601 423 679; x_wconf 89' lang='lat' dir='ltr'><strong>scriptionem</strong></span> <span class='ocrx_word' id='word_1_22' title='bbox 444 601 479 660; x_wconf 88' lang='lat' dir='ltr'><strong>in</strong></span> <span class='ocrx_word' id='word_1_23' title='bbox 499 601 641 661; x_wconf 88' lang='lat' dir='ltr'><strong>medium</strong></span> <span class='ocrx_word' id='word_1_24' title='bbox 663 598 780 672; x_wconf 88' lang='lat' dir='ltr'><strong>citavit,</strong></span> <span class='ocrx_word' id='word_1_25' title='bbox 807 618 844 658; x_wconf 88' lang='lat' dir='ltr'><strong>ex</strong></span> <span class='ocrx_word' id='word_1_26' title='bbox 866 616 929 675; x_wconf 91' lang='lat' dir='ltr'><strong>qua</strong></span> <span class='ocrx_word' id='word_1_27' title='bbox 951 599 1119 662; x_wconf 87' lang='lat' dir='ltr'><strong>cohortem</strong></span> <span class='ocrx_word' id='word_1_28' title='bbox 1141 599 1248 673; x_wconf 91' lang='lat' dir='ltr'><strong>illam,</strong></span> <span class='ocrx_word' id='word_1_29' title='bbox 1278 601 1379 680; x_wconf 91' lang='lat' dir='ltr'><strong>impe·</strong></span> <span class='ocrx_word' id='word_1_30' title='bbox 1466 639 1468 644; x_wconf 61' lang='lat'>=</span> 
     </span>
     <span class='ocr_line' id='line_1_5' title="bbox 212 683 1377 778; baseline 0 -19"><span class='ocrx_word' id='word_1_31' title='bbox 212 712 302 760; x_wconf 91' lang='lat' dir='ltr'><strong>rante</strong></span> <span class='ocrx_word' id='word_1_32' title='bbox 323 698 486 760; x_wconf 87' lang='lat' dir='ltr'><strong>Antonino</strong></span> <span class='ocrx_word' id='word_1_33' title='bbox 506 696 578 769; x_wconf 89' lang='lat' dir='ltr'><strong>Pi0‚</strong></span> <span class='ocrx_word' id='word_1_34' title='bbox 603 697 635 757; x_wconf 91' lang='lat' dir='ltr'><strong>in</strong></span> <span class='ocrx_word' id='word_1_35' title='bbox 656 683 822 768; x_wconf 84' lang='lat' dir='ltr'><strong>Britannia</strong></span> <span class='ocrx_word' id='word_1_36' title='bbox 837 709 1068 758; x_wconf 86' lang='lat' dir='ltr'><strong>commoratam</strong></span> <span class='ocrx_word' id='word_1_37' title='bbox 1092 717 1166 758; x_wconf 90' lang='lat' dir='ltr'><strong>esse</strong></span> <span class='ocrx_word' id='word_1_38' title='bbox 1181 699 1334 776; x_wconf 87' lang='lat' dir='ltr'><strong>constat(</strong></span> <span class='ocrx_word' id='word_1_39' title='bbox 1354 699 1377 778; x_wconf 90' lang='lat'><strong>).</strong></span> 
     </span>
     <span class='ocr_line' id='line_1_6' title="bbox 214 792 1380 872; baseline -0.002 -14"><span class='ocrx_word' id='word_1_40' title='bbox 214 795 310 872; x_wconf 87' lang='lat' dir='ltr'><strong>Quod</strong></span> <span class='ocrx_word' id='word_1_41' title='bbox 332 795 462 872; x_wconf 90' lang='lat' dir='ltr'><strong>quidem</strong></span> <span class='ocrx_word' id='word_1_42' title='bbox 483 829 523 838; x_wconf 97' lang='lat'>-</span> <span class='ocrx_word' id='word_1_43' title='bbox 544 793 622 854; x_wconf 90' lang='lat' dir='ltr'><strong>mihi</strong></span> <span class='ocrx_word' id='word_1_44' title='bbox 644 795 753 855; x_wconf 78' lang='lat' dir='ltr'><strong>credat</strong></span> <span class='ocrx_word' id='word_1_45' title='bbox 774 792 968 855; x_wconf 88' lang='lat' dir='ltr'><strong>Tartara-</strong></span> <span class='ocrx_word' id='word_1_46' title='bbox 988 813 1124 864; x_wconf 88' lang='lat' dir='ltr'><strong>menon</strong></span> <span class='ocrx_word' id='word_1_47' title='bbox 1145 793 1280 871; x_wconf 78' lang='lat' dir='ltr'><strong>fugerat.</strong></span> <span class='ocrx_word' id='word_1_48' title='bbox 1302 795 1380 858; x_wconf 91' lang='lat' dir='ltr'><strong>Ete-</strong></span> 
     </span>
     <span class='ocr_line' id='line_1_7' title="bbox 212 888 1379 970; baseline 0 -16"><span class='ocrx_word' id='word_1_49' title='bbox 212 895 289 966; x_wconf 90' lang='lat' dir='ltr'><strong>nim,</strong></span> <span class='ocrx_word' id='word_1_50' title='bbox 307 906 341 955; x_wconf 94' lang='lat' dir='ltr'><strong>ut</strong></span> <span class='ocrx_word' id='word_1_51' title='bbox 356 893 503 955; x_wconf 83' lang='lat' dir='ltr'><strong>omittam</strong></span> <span class='ocrx_word' id='word_1_52' title='bbox 517 890 760 967; x_wconf 87' lang='lat' dir='ltr'><strong>inscriptionem</strong></span> <span class='ocrx_word' id='word_1_53' title='bbox 789 889 875 952; x_wconf 89' lang='lat' dir='ltr'><strong>illam</strong></span> <span class='ocrx_word' id='word_1_54' title='bbox 900 888 1068 953; x_wconf 89' lang='lat' dir='ltr'><strong>aTartara</strong></span> <span class='ocrx_word' id='word_1_55' title='bbox 1091 891 1264 965; x_wconf 89' lang='lat' dir='ltr'><strong>laudatam,</strong></span> <span class='ocrx_word' id='word_1_56' title='bbox 1282 913 1379 970; x_wconf 87' lang='lat' dir='ltr'><strong>quarn</strong></span> 
     </span>
     <span class='ocr_line' id='line_1_8' title="bbox 213 979 1380 1070; baseline 0.001 -20"><span class='ocrx_word' id='word_1_57' title='bbox 213 979 350 1067; x_wconf 80' lang='lat' dir='ltr'><strong>legimus</strong></span> <span class='ocrx_word' id='word_1_58' title='bbox 371 990 403 1050; x_wconf 90' lang='lat' dir='ltr'><strong>in</strong></span> <span class='ocrx_word' id='word_1_59' title='bbox 423 989 629 1070; x_wconf 78' lang='lat' dir='ltr'><strong>Ephcmeride</strong></span> <span class='ocrx_word' id='word_1_60' title='bbox 650 988 859 1068; x_wconf 79' lang='lat' dir='ltr'><strong>epigraphica,</strong></span> <span class='ocrx_word' id='word_1_61' title='bbox 884 987 963 1048; x_wconf 90' lang='lat' dir='ltr'><strong>alias</strong></span> <span class='ocrx_word' id='word_1_62' title='bbox 986 1007 1114 1065; x_wconf 88' lang='lat' dir='ltr'><strong>quoque</strong></span> <span class='ocrx_word' id='word_1_63' title='bbox 1135 987 1300 1067; x_wconf 82' lang='lat' dir='ltr'><strong>legeram,</strong></span> <span class='ocrx_word' id='word_1_64' title='bbox 1323 1011 1380 1051; x_wconf 91' lang='lat' dir='ltr'><strong>an-</strong></span> 
     </span>
     <span class='ocr_line' id='line_1_9' title="bbox 213 1085 1379 1166; baseline -0.001 -15"><span class='ocrx_word' id='word_1_65' title='bbox 213 1104 343 1166; x_wconf 90' lang='lat' dir='ltr'><strong>tequam</strong></span> <span class='ocrx_word' id='word_1_66' title='bbox 377 1090 415 1149; x_wconf 93' lang='lat' dir='ltr'><strong>de</strong></span> <span class='ocrx_word' id='word_1_67' title='bbox 447 1086 595 1150; x_wconf 88' lang='lat' dir='ltr'><strong>Iuvenale</strong></span> <span class='ocrx_word' id='word_1_68' title='bbox 627 1085 767 1148; x_wconf 89' lang='lat' dir='ltr'><strong>scribere</strong></span> <span class='ocrx_word' id='word_1_69' title='bbox 800 1107 976 1163; x_wconf 81' lang='lat' dir='ltr'><strong>aggressus</strong></span> <span class='ocrx_word' id='word_1_70' title='bbox 992 1107 1076 1160; x_wconf 88' lang='lat' dir='ltr'><strong>sum,</strong></span> <span class='ocrx_word' id='word_1_71' title='bbox 1101 1101 1132 1149; x_wconf 89' lang='lat' dir='ltr'><strong>et</strong></span> <span class='ocrx_word' id='word_1_72' title='bbox 1163 1108 1218 1149; x_wconf 90' lang='lat' dir='ltr'><strong>eas</strong></span> <span class='ocrx_word' id='word_1_73' title='bbox 1249 1089 1379 1165; x_wconf 89' lang='lat' dir='ltr'><strong>quidem</strong></span> 
     </span>
     <span class='ocr_line' id='line_1_10' title="bbox 213 1182 1378 1264; baseline -0.002 -18"><span class='ocrx_word' id='word_1_74' title='bbox 213 1185 254 1246; x_wconf 92' lang='lat' dir='ltr'><strong>ab</strong></span> <span class='ocrx_word' id='word_1_75' title='bbox 271 1185 443 1248; x_wconf 89' lang='lat' dir='ltr'><strong>Huebnero</strong></span> <span class='ocrx_word' id='word_1_76' title='bbox 465 1185 569 1247; x_wconf 90' lang='lat' dir='ltr'><strong>editas</strong></span> <span class='ocrx_word' id='word_1_77' title='bbox 593 1183 637 1264; x_wconf 82' lang='lat'><strong>(2)</strong></span> <span class='ocrx_word' id='word_1_78' title='bbox 660 1197 691 1245; x_wconf 90' lang='lat' dir='ltr'><strong>et</strong></span> <span class='ocrx_word' id='word_1_79' title='bbox 705 1182 857 1245; x_wconf 87' lang='lat' dir='ltr'><strong>Tartarae</strong></span> <span class='ocrx_word' id='word_1_80' title='bbox 873 1187 1012 1261; x_wconf 74' lang='lat' dir='ltr'><strong>ignotae,</strong></span> <span class='ocrx_word' id='word_1_81' title='bbox 1039 1204 1120 1260; x_wconf 88' lang='lat' dir='ltr'><strong>quae</strong></span> <span class='ocrx_word' id='word_1_82' title='bbox 1142 1188 1239 1246; x_wconf 88' lang='lat' dir='ltr'><strong>etiam</strong></span> <span class='ocrx_word' id='word_1_83' title='bbox 1261 1185 1378 1247; x_wconf 85' lang='lat' dir='ltr'><strong>Postu.-</strong></span> 
     </span>
     <span class='ocr_line' id='line_1_11' title="bbox 211 1279 1380 1359; baseline 0.002 -17"><span class='ocrx_word' id='word_1_84' title='bbox 211 1283 312 1344; x_wconf 90' lang='lat' dir='ltr'><strong>mium</strong></span> <span class='ocrx_word' id='word_1_85' title='bbox 332 1281 513 1343; x_wconf 91' lang='lat' dir='ltr'><strong>Acilianum</strong></span> <span class='ocrx_word' id='word_1_86' title='bbox 533 1280 656 1359; x_wconf 86' lang='lat' dir='ltr'><strong>primae</strong></span> <span class='ocrx_word' id='word_1_87' title='bbox 675 1279 894 1352; x_wconf 87' lang='lat' dir='ltr'><strong>Delmatarum</strong></span> <span class='ocrx_word' id='word_1_88' title='bbox 920 1281 1047 1342; x_wconf 87' lang='lat' dir='ltr'><strong>cohorti</strong></span> <span class='ocrx_word' id='word_1_89' title='bbox 1073 1281 1268 1359; x_wconf 86' lang='lat' dir='ltr'><strong>praefectum</strong></span> <span class='ocrx_word' id='word_1_90' title='bbox 1299 1302 1380 1344; x_wconf 88' lang='lat' dir='ltr'><strong>com-</strong></span> 
     </span>
     <span class='ocr_line' id='line_1_12' title="bbox 210 1377 1378 1458; baseline 0 -18"><span class='ocrx_word' id='word_1_91' title='bbox 210 1393 403 1442; x_wconf 88' lang='lat' dir='ltr'><strong>memorant.</strong></span> <span class='ocrx_word' id='word_1_92' title='bbox 427 1380 475 1444; x_wconf 88' lang='lat' dir='ltr'><strong>Ex</strong></span> <span class='ocrx_word' id='word_1_93' title='bbox 496 1378 547 1439; x_wconf 94' lang='lat' dir='ltr'><strong>his</strong></span> <span class='ocrx_word' id='word_1_94' title='bbox 562 1398 638 1440; x_wconf 93' lang='lat' dir='ltr'><strong>vero</strong></span> <span class='ocrx_word' id='word_1_95' title='bbox 659 1398 723 1458; x_wconf 87' lang='lat' dir='ltr'><strong>una</strong></span> <span class='ocrx_word' id='word_1_96' title='bbox 738 1377 917 1439; x_wconf 87' lang='lat' dir='ltr'><strong>Acilianum</strong></span> <span class='ocrx_word' id='word_1_97' title='bbox 938 1377 1103 1440; x_wconf 85' lang='lat' dir='ltr'><strong>Antonino</strong></span> <span class='ocrx_word' id='word_1_98' title='bbox 1118 1378 1179 1442; x_wconf 91' lang='lat' dir='ltr'><strong>Pio</strong></span> <span class='ocrx_word' id='word_1_99' title='bbox 1202 1382 1378 1458; x_wconf 88' lang='lat' dir='ltr'><strong>imperante</strong></span> 
     </span>
     <span class='ocr_line' id='line_1_13' title="bbox 209 1474 1378 1556; baseline 0 -20"><span class='ocrx_word' id='word_1_100' title='bbox 209 1477 332 1555; x_wconf 90' lang='lat' dir='ltr'><strong>primae</strong></span> <span class='ocrx_word' id='word_1_101' title='bbox 347 1476 564 1539; x_wconf 84' lang='lat' dir='ltr'><strong>Delmatarum</strong></span> <span class='ocrx_word' id='word_1_102' title='bbox 579 1474 705 1537; x_wconf 90' lang='lat' dir='ltr'><strong>cohorti</strong></span> <span class='ocrx_word' id='word_1_103' title='bbox 719 1474 897 1552; x_wconf 82' lang='lat' dir='ltr'><strong>praefuisse</strong></span> <span class='ocrx_word' id='word_1_104' title='bbox 913 1475 1054 1537; x_wconf 89' lang='lat' dir='ltr'><strong>declarat</strong></span> <span class='ocrx_word' id='word_1_105' title='bbox 1067 1475 1122 1556; x_wconf 84' lang='lat'><strong>(3).</strong></span> <span class='ocrx_word' id='word_1_106' title='bbox 1141 1475 1207 1538; x_wconf 91' lang='lat' dir='ltr'><strong>Sed</strong></span> <span class='ocrx_word' id='word_1_107' title='bbox 1222 1493 1378 1553; x_wconf 91' lang='lat' dir='ltr'><strong>quorsum</strong></span> 
     </span>
     <span class='ocr_line' id='line_1_14' title="bbox 209 1570 1378 1651; baseline -0.002 -16"><span class='ocrx_word' id='word_1_108' title='bbox 209 1575 293 1635; x_wconf 88' lang='lat' dir='ltr'><strong>haec</strong></span> <span class='ocrx_word' id='word_1_109' title='bbox 307 1575 448 1651; x_wconf 85' lang='lat' dir='ltr'><strong>disputo,</strong></span> <span class='ocrx_word' id='word_1_110' title='bbox 467 1594 539 1634; x_wconf 87' lang='lat' dir='ltr'><strong>cum</strong></span> <span class='ocrx_word' id='word_1_111' title='bbox 555 1591 650 1633; x_wconf 92' lang='lat' dir='ltr'><strong>nemo</strong></span> <span class='ocrx_word' id='word_1_112' title='bbox 665 1592 805 1649; x_wconf 90' lang='lat' dir='ltr'><strong>unquam</strong></span> <span class='ocrx_word' id='word_1_113' title='bbox 819 1573 955 1648; x_wconf 89' lang='lat' dir='ltr'><strong>primam</strong></span> <span class='ocrx_word' id='word_1_114' title='bbox 971 1570 1189 1635; x_wconf 89' lang='lat' dir='ltr'><strong>Delmatarum</strong></span> <span class='ocrx_word' id='word_1_115' title='bbox 1210 1574 1378 1641; x_wconf 85' lang='lat' dir='ltr'><strong>cohortem</strong></span> 
     </span>
     <span class='ocr_line' id='line_1_15' title="bbox 208 1668 1375 1748; baseline 0 -16"><span class='ocrx_word' id='word_1_116' title='bbox 208 1684 287 1748; x_wconf 89' lang='lat' dir='ltr'><strong>post</strong></span> <span class='ocrx_word' id='word_1_117' title='bbox 308 1691 426 1732; x_wconf 90' lang='lat' dir='ltr'><strong>annum</strong></span> <span class='ocrx_word' id='word_1_118' title='bbox 444 1669 572 1731; x_wconf 82' lang='lat' dir='ltr'>CXXIV</span> <span class='ocrx_word' id='word_1_119' title='bbox 592 1671 751 1748; x_wconf 89' lang='lat' dir='ltr'><strong>usquead</strong></span> <span class='ocrx_word' id='word_1_120' title='bbox 772 1668 924 1730; x_wconf 85' lang='lat' dir='ltr'><strong>Antonini</strong></span> <span class='ocrx_word' id='word_1_121' title='bbox 945 1668 995 1730; x_wconf 91' lang='lat' dir='ltr'><strong>Pii</strong></span> <span class='ocrx_word' id='word_1_122' title='bbox 1019 1669 1221 1747; x_wconf 89' lang='lat' dir='ltr'><strong>imperatoris</strong></span> <span class='ocrx_word' id='word_1_123' title='bbox 1238 1684 1375 1734; x_wconf 88' lang='lat' dir='ltr'><strong>aetatem</strong></span> 
     </span>
     <span class='ocr_line' id='line_1_16' title="bbox 210 1765 1377 1844; baseline 0.001 -17"><span class='ocrx_word' id='word_1_124' title='bbox 210 1767 244 1828; x_wconf 91' lang='lat' dir='ltr'><strong>in</strong></span> <span class='ocrx_word' id='word_1_125' title='bbox 265 1767 431 1829; x_wconf 88' lang='lat' dir='ltr'><strong>Britannia</strong></span> <span class='ocrx_word' id='word_1_126' title='bbox 455 1767 652 1828; x_wconf 90' lang='lat' dir='ltr'><strong>remansisse</strong></span> <span class='ocrx_word' id='word_1_127' title='bbox 681 1765 973 1829; x_wconf 75' lang='lat' dir='ltr'><strong>demonstraverit?</strong></span> <span class='ocrx_word' id='word_1_128' title='bbox 1001 1765 1075 1827; x_wconf 93' lang='lat' dir='ltr'><strong>Non</strong></span> <span class='ocrx_word' id='word_1_129' title='bbox 1103 1766 1180 1844; x_wconf 94' lang='lat' dir='ltr'><strong>quin</strong></span> <span class='ocrx_word' id='word_1_130' title='bbox 1211 1766 1377 1844; x_wconf 87' lang='lat' dir='ltr'><strong>probabile</strong></span> 
     </span>
     <span class='ocr_line' id='line_1_17' title="bbox 211 1861 1379 1942; baseline 0 -16"><span class='ocrx_word' id='word_1_131' title='bbox 211 1885 286 1926; x_wconf 89' lang='lat' dir='ltr'><strong>esse</strong></span> <span class='ocrx_word' id='word_1_132' title='bbox 307 1867 423 1926; x_wconf 88' lang='lat' dir='ltr'><strong>ducam</strong></span> <span class='ocrx_word' id='word_1_133' title='bbox 446 1884 517 1925; x_wconf 86' lang='lat' dir='ltr'><strong>eam</strong></span> <span class='ocrx_word' id='word_1_134' title='bbox 531 1864 594 1925; x_wconf 89' lang='lat' dir='ltr'><strong>iarn</strong></span> <span class='ocrx_word' id='word_1_135' title='bbox 616 1864 690 1926; x_wconf 92' lang='lat' dir='ltr'><strong>inde</strong></span> <span class='ocrx_word' id='word_1_136' title='bbox 715 1864 755 1924; x_wconf 88' lang='lat' dir='ltr'><strong>ab</strong></span> <span class='ocrx_word' id='word_1_137' title='bbox 778 1883 862 1924; x_wconf 91' lang='lat' dir='ltr'><strong>anno</strong></span> <span class='ocrx_word' id='word_1_138' title='bbox 879 1861 936 1924; x_wconf 93' lang='lat' dir='ltr'><strong>CV</strong></span> <span class='ocrx_word' id='word_1_139' title='bbox 962 1865 1002 1924; x_wconf 90' lang='lat' dir='ltr'><strong>ad</strong></span> <span class='ocrx_word' id='word_1_140' title='bbox 1023 1863 1069 1924; x_wconf 88' lang='lat' dir='ltr'><strong>M.</strong></span> <span class='ocrx_word' id='word_1_141' title='bbox 1092 1863 1212 1926; x_wconf 90' lang='lat' dir='ltr'><strong>Aurelii</strong></span> <span class='ocrx_word' id='word_1_142' title='bbox 1241 1864 1379 1942; x_wconf 88' lang='lat' dir='ltr'><strong>impera-</strong></span> 
     </span>
     <span class='ocr_line' id='line_1_18' title="bbox 211 1960 1376 2041; baseline -0.003 -15"><span class='ocrx_word' id='word_1_143' title='bbox 211 1965 290 2026; x_wconf 90' lang='lat' dir='ltr'><strong>toris</strong></span> <span class='ocrx_word' id='word_1_144' title='bbox 305 1977 452 2041; x_wconf 88' lang='lat' dir='ltr'><strong>tempora</strong></span> <span class='ocrx_word' id='word_1_145' title='bbox 480 1962 639 2041; x_wconf 88' lang='lat' dir='ltr'><strong>stipendia</strong></span> <span class='ocrx_word' id='word_1_146' title='bbox 665 1961 711 2023; x_wconf 93' lang='lat' dir='ltr'><strong>ibi</strong></span> <span class='ocrx_word' id='word_1_147' title='bbox 734 1961 850 2023; x_wconf 82' lang='lat' dir='ltr'><strong>fecisse</strong></span> <span class='ocrx_word' id='word_1_148' title='bbox 871 1960 928 2039; x_wconf 87' lang='lat'><strong>(4):</strong></span> <span class='ocrx_word' id='word_1_149' title='bbox 952 1961 1015 2022; x_wconf 90' lang='lat' dir='ltr'><strong>hoc</strong></span> <span class='ocrx_word' id='word_1_150' title='bbox 1041 1981 1119 2023; x_wconf 88' lang='lat' dir='ltr'><strong>vero</strong></span> <span class='ocrx_word' id='word_1_151' title='bbox 1142 1962 1230 2022; x_wconf 90' lang='lat' dir='ltr'><strong>omni</strong></span> <span class='ocrx_word' id='word_1_152' title='bbox 1252 1961 1376 2023; x_wconf 87' lang='lat' dir='ltr'><strong>ratione</strong></span> 
     </span>
     <span class='ocr_line' id='line_1_19' title="bbox 212 2057 1377 2137; baseline -0.002 -15"><span class='ocrx_word' id='word_1_153' title='bbox 212 2061 346 2133; x_wconf 84' lang='lat' dir='ltr'><strong>affirmn,</strong></span> <span class='ocrx_word' id='word_1_154' title='bbox 376 2059 496 2122; x_wconf 91' lang='lat' dir='ltr'><strong>nullam</strong></span> <span class='ocrx_word' id='word_1_155' title='bbox 518 2061 673 2121; x_wconf 89' lang='lat' dir='ltr'><strong>hactenus</strong></span> <span class='ocrx_word' id='word_1_156' title='bbox 695 2071 853 2137; x_wconf 89' lang='lat' dir='ltr'><strong>repertam</strong></span> <span class='ocrx_word' id='word_1_157' title='bbox 875 2077 949 2119; x_wconf 91' lang='lat' dir='ltr'><strong>esse</strong></span> <span class='ocrx_word' id='word_1_158' title='bbox 970 2057 1210 2134; x_wconf 89' lang='lat' dir='ltr'><strong>inscriptionem</strong></span> <span class='ocrx_word' id='word_1_159' title='bbox 1232 2079 1314 2136; x_wconf 91' lang='lat' dir='ltr'><strong>quae</strong></span> <span class='ocrx_word' id='word_1_160' title='bbox 1337 2057 1377 2120; x_wconf 93' lang='lat' dir='ltr'><strong>ab</strong></span> 
     </span>
     <span class='ocr_line' id='line_1_20' title="bbox 214 2156 1377 2233; baseline 0 -15"><span class='ocrx_word' id='word_1_161' title='bbox 214 2178 300 2228; x_wconf 90' lang='lat' dir='ltr'><strong>anno</strong></span> <span class='ocrx_word' id='word_1_162' title='bbox 324 2156 437 2218; x_wconf 87' lang='lat' dir='ltr'>CXXV</span> <span class='ocrx_word' id='word_1_163' title='bbox 459 2159 499 2218; x_wconf 93' lang='lat' dir='ltr'><strong>ad</strong></span> <span class='ocrx_word' id='word_1_164' title='bbox 519 2156 675 2219; x_wconf 91' lang='lat' dir='ltr'><strong>Antonini</strong></span> <span class='ocrx_word' id='word_1_165' title='bbox 695 2156 745 2217; x_wconf 91' lang='lat' dir='ltr'><strong>Pii</strong></span> <span class='ocrx_word' id='word_1_166' title='bbox 772 2171 918 2233; x_wconf 86' lang='lat' dir='ltr'><strong>tempora</strong></span> <span class='ocrx_word' id='word_1_167' title='bbox 943 2157 1110 2219; x_wconf 90' lang='lat' dir='ltr'><strong>cohortem</strong></span> <span class='ocrx_word' id='word_1_168' title='bbox 1131 2156 1218 2217; x_wconf 91' lang='lat' dir='ltr'><strong>illam</strong></span> <span class='ocrx_word' id='word_1_169' title='bbox 1240 2158 1272 2218; x_wconf 91' lang='lat' dir='ltr'><strong>in</strong></span> <span class='ocrx_word' id='word_1_170' title='bbox 1304 2157 1377 2218; x_wconf 89' lang='lat' dir='ltr'><strong>Bri-</strong></span> 
     </span>
     <span class='ocr_line' id='line_1_21' title="bbox 213 2245 1375 2330; baseline -0.003 -12"><span class='ocrx_word' id='word_1_171' title='bbox 213 2255 323 2318; x_wconf 90' lang='lat' dir='ltr'><strong>tannia</strong></span> <span class='ocrx_word' id='word_1_172' title='bbox 338 2256 449 2316; x_wconf 90' lang='lat' dir='ltr'><strong>sedem</strong></span> <span class='ocrx_word' id='word_1_173' title='bbox 463 2245 618 2316; x_wconf 87' lang='lat' dir='ltr'><strong>habuisse</strong></span> <span class='ocrx_word' id='word_1_174' title='bbox 635 2255 794 2316; x_wconf 88' lang='lat' dir='ltr'><strong>ostendat.</strong></span> <span class='ocrx_word' id='word_1_175' title='bbox 813 2252 964 2315; x_wconf 88' lang='lat' dir='ltr'><strong>Ceterum</strong></span> <span class='ocrx_word' id='word_1_176' title='bbox 980 2255 1007 2314; x_wconf 91' lang='lat' dir='ltr'><strong>si</strong></span> <span class='ocrx_word' id='word_1_177' title='bbox 1022 2266 1098 2330; x_wconf 90' lang='lat' dir='ltr'><strong>post</strong></span> <span class='ocrx_word' id='word_1_178' title='bbox 1113 2273 1232 2315; x_wconf 90' lang='lat' dir='ltr'><strong>annum</strong></span> <span class='ocrx_word' id='word_1_179' title='bbox 1248 2254 1375 2315; x_wconf 93' lang='lat' dir='ltr'>CXXlV</span> 
     </span>
     <span class='ocr_line' id='line_1_22' title="bbox 210 2349 1373 2427; baseline -0.003 -12"><span class='ocrx_word' id='word_1_180' title='bbox 210 2351 370 2415; x_wconf 91' lang='lat' dir='ltr'><strong>luvenalis</strong></span> <span class='ocrx_word' id='word_1_181' title='bbox 392 2352 425 2412; x_wconf 93' lang='lat' dir='ltr'><strong>in</strong></span> <span class='ocrx_word' id='word_1_182' title='bbox 446 2351 594 2413; x_wconf 84' lang='lat' dir='ltr'><strong>exsilium</strong></span> <span class='ocrx_word' id='word_1_183' title='bbox 615 2351 735 2413; x_wconf 90' lang='lat' dir='ltr'><strong>missus</strong></span> <span class='ocrx_word' id='word_1_184' title='bbox 751 2364 782 2412; x_wconf 88' lang='lat' dir='ltr'><strong>et</strong></span> <span class='ocrx_word' id='word_1_185' title='bbox 803 2350 925 2427; x_wconf 89' lang='lat' dir='ltr'><strong>primae</strong></span> <span class='ocrx_word' id='word_1_186' title='bbox 946 2349 1163 2412; x_wconf 89' lang='lat' dir='ltr'><strong>Delmatarum</strong></span> <span class='ocrx_word' id='word_1_187' title='bbox 1185 2351 1322 2423; x_wconf 81' lang='lat' dir='ltr'><strong>cohorti,</strong></span> <span class='ocrx_word' id='word_1_188' title='bbox 1340 2350 1373 2412; x_wconf 91' lang='lat' dir='ltr'><strong>in</strong></span> 
     </span>
     <span class='ocr_line' id='line_1_23' title="bbox 210 2447 1376 2526; baseline 0.001 -17"><span class='ocrx_word' id='word_1_189' title='bbox 210 2447 375 2509; x_wconf 91' lang='lat' dir='ltr'><strong>Britannia</strong></span> <span class='ocrx_word' id='word_1_190' title='bbox 397 2448 550 2521; x_wconf 87' lang='lat' dir='ltr'><strong>tendenti,</strong></span> <span class='ocrx_word' id='word_1_191' title='bbox 567 2449 747 2526; x_wconf 88' lang='lat' dir='ltr'><strong>praefectus</strong></span> <span class='ocrx_word' id='word_1_192' title='bbox 770 2462 867 2520; x_wconf 88' lang='lat' dir='ltr'><strong>esset,</strong></span> <span class='ocrx_word' id='word_1_193' title='bbox 891 2448 1048 2526; x_wconf 87' lang='lat' dir='ltr'><strong>profecto,</strong></span> <span class='ocrx_word' id='word_1_194' title='bbox 1065 2462 1100 2510; x_wconf 90' lang='lat' dir='ltr'><strong>ut</strong></span> <span class='ocrx_word' id='word_1_195' title='bbox 1122 2447 1231 2509; x_wconf 90' lang='lat' dir='ltr'><strong>Cereri</strong></span> <span class='ocrx_word' id='word_1_196' title='bbox 1247 2469 1376 2510; x_wconf 88' lang='lat' dir='ltr'><strong>sacrum</strong></span> 
     </span>
     <span class='ocr_line' id='line_1_24' title="bbox 210 2543 1377 2624; baseline 0.002 -20"><span class='ocrx_word' id='word_1_197' title='bbox 210 2544 328 2621; x_wconf 91' lang='lat' dir='ltr'><strong>Aquini</strong></span> <span class='ocrx_word' id='word_1_198' title='bbox 349 2545 511 2606; x_wconf 90' lang='lat' dir='ltr'><strong>dedicaret</strong></span> <span class='ocrx_word' id='word_1_199' title='bbox 525 2545 579 2624; x_wconf 79' lang='lat'><strong>(5),</strong></span> <span class='ocrx_word' id='word_1_200' title='bbox 597 2558 629 2605; x_wconf 87' lang='lat' dir='ltr'><strong>et</strong></span> <span class='ocrx_word' id='word_1_201' title='bbox 650 2545 822 2621; x_wconf 90' lang='lat' dir='ltr'><strong>aliquando</strong></span> <span class='ocrx_word' id='word_1_202' title='bbox 845 2544 884 2606; x_wconf 93' lang='lat' dir='ltr'><strong>ab</strong></span> <span class='ocrx_word' id='word_1_203' title='bbox 900 2543 1011 2606; x_wconf 88' lang='lat' dir='ltr'><strong>exsilio</strong></span> <span class='ocrx_word' id='word_1_204' title='bbox 1033 2545 1065 2605; x_wconf 91' lang='lat' dir='ltr'><strong>in</strong></span> <span class='ocrx_word' id='word_1_205' title='bbox 1083 2543 1207 2607; x_wconf 89' lang='lat' dir='ltr'><strong>ltaliam</strong></span> <span class='ocrx_word' id='word_1_206' title='bbox 1226 2544 1377 2606; x_wconf 90' lang='lat' dir='ltr'><strong>rediisset</strong></span> 
     </span>
     <span class='ocr_line' id='line_1_25' title="bbox 211 2641 1372 2722; baseline 0 -20"><span class='ocrx_word' id='word_1_207' title='bbox 211 2661 314 2718; x_wconf 91' lang='lat' dir='ltr'><strong>neque</strong></span> <span class='ocrx_word' id='word_1_208' title='bbox 336 2643 562 2719; x_wconf 82' lang='lat' dir='ltr'><strong>octogenarius</strong></span> <span class='ocrx_word' id='word_1_209' title='bbox 585 2641 775 2714; x_wconf 86' lang='lat' dir='ltr'><strong>exsulasset,</strong></span> <span class='ocrx_word' id='word_1_210' title='bbox 794 2644 882 2720; x_wconf 92' lang='lat' dir='ltr'><strong>quod</strong></span> <span class='ocrx_word' id='word_1_211' title='bbox 904 2641 965 2703; x_wconf 89' lang='lat' dir='ltr'><strong>alio</strong></span> <span class='ocrx_word' id='word_1_212' title='bbox 987 2642 1060 2704; x_wconf 91' lang='lat' dir='ltr'><strong>loco</strong></span> <span class='ocrx_word' id='word_1_213' title='bbox 1082 2642 1303 2706; x_wconf 87' lang='lat' dir='ltr'><strong>demonstravi</strong></span> <span class='ocrx_word' id='word_1_214' title='bbox 1316 2642 1372 2722; x_wconf 84' lang='lat'><strong>(6).</strong></span> 
     </span>
    </p>

    <p class='ocr_par' dir='ltr' id='par_1_3' title="bbox 210 2737 1380 3109">
     <span class='ocr_line' id='line_1_26' title="bbox 251 2737 1380 2816; baseline 0 -17"><span class='ocrx_word' id='word_1_215' title='bbox 251 2737 377 2800; x_wconf 87' lang='lat' dir='ltr'><strong>Diutius</strong></span> <span class='ocrx_word' id='word_1_216' title='bbox 399 2759 508 2800; x_wconf 90' lang='lat' dir='ltr'><strong>moror</strong></span> <span class='ocrx_word' id='word_1_217' title='bbox 536 2741 569 2798; x_wconf 90' lang='lat' dir='ltr'><strong>in</strong></span> <span class='ocrx_word' id='word_1_218' title='bbox 590 2739 651 2799; x_wconf 86' lang='lat' dir='ltr'><strong>hae</strong></span> <span class='ocrx_word' id='word_1_219' title='bbox 678 2739 898 2800; x_wconf 87' lang='lat' dir='ltr'><strong>controversia</strong></span> <span class='ocrx_word' id='word_1_220' title='bbox 919 2759 1015 2816; x_wconf 92' lang='lat' dir='ltr'><strong>quam</strong></span> <span class='ocrx_word' id='word_1_221' title='bbox 1043 2759 1178 2800; x_wconf 88' lang='lat' dir='ltr'><strong>necesse</strong></span> <span class='ocrx_word' id='word_1_222' title='bbox 1207 2752 1268 2802; x_wconf 89' lang='lat' dir='ltr'><strong>est.</strong></span> <span class='ocrx_word' id='word_1_223' title='bbox 1291 2738 1380 2801; x_wconf 89' lang='lat' dir='ltr'><strong>Nam.</strong></span> 
     </span>
     <span class='ocr_line' id='line_1_27' title="bbox 211 2834 1378 2914; baseline 0.001 -19"><span class='ocrx_word' id='word_1_224' title='bbox 211 2836 274 2897; x_wconf 89' lang='lat' dir='ltr'><strong>hoc</strong></span> <span class='ocrx_word' id='word_1_225' title='bbox 289 2834 367 2896; x_wconf 88' lang='lat' dir='ltr'><strong>mihi</strong></span> <span class='ocrx_word' id='word_1_226' title='bbox 388 2836 673 2913; x_wconf 88' lang='lat' dir='ltr'><strong>persuasissimum</strong></span> <span class='ocrx_word' id='word_1_227' title='bbox 688 2849 738 2898; x_wconf 87' lang='lat' dir='ltr'><strong>est</strong></span> <span class='ocrx_word' id='word_1_228' title='bbox 759 2834 974 2898; x_wconf 84' lang='lat' dir='ltr'><strong>Alexandrum</strong></span> <span class='ocrx_word' id='word_1_229' title='bbox 988 2834 1155 2898; x_wconf 88' lang='lat' dir='ltr'><strong>Tartaram</strong></span> <span class='ocrx_word' id='word_1_230' title='bbox 1176 2836 1208 2896; x_wconf 92' lang='lat' dir='ltr'><strong>in</strong></span> <span class='ocrx_word' id='word_1_231' title='bbox 1231 2836 1378 2914; x_wconf 91' lang='lat' dir='ltr'><strong>disputa-</strong></span> 
     </span>
     <span class='ocr_line' id='line_1_28' title="bbox 210 2933 1379 3012; baseline -0.002 -16"><span class='ocrx_word' id='word_1_232' title='bbox 210 2933 298 2996; x_wconf 88' lang='lat' dir='ltr'><strong>tione</strong></span> <span class='ocrx_word' id='word_1_233' title='bbox 321 2954 379 2996; x_wconf 91' lang='lat' dir='ltr'><strong>sua</strong></span> <span class='ocrx_word' id='word_1_234' title='bbox 400 2954 466 2996; x_wconf 91' lang='lat' dir='ltr'><strong>non</strong></span> <span class='ocrx_word' id='word_1_235' title='bbox 489 2954 616 3012; x_wconf 88' lang='lat' dir='ltr'><strong>semper</strong></span> <span class='ocrx_word' id='word_1_236' title='bbox 631 2937 671 2996; x_wconf 92' lang='lat' dir='ltr'><strong>ad</strong></span> <span class='ocrx_word' id='word_1_237' title='bbox 693 2934 736 3008; x_wconf 92' lang='lat' dir='ltr'><strong>id,</strong></span> <span class='ocrx_word' id='word_1_238' title='bbox 761 2936 846 3012; x_wconf 93' lang='lat' dir='ltr'><strong>quod</strong></span> <span class='ocrx_word' id='word_1_239' title='bbox 864 2933 926 2995; x_wconf 90' lang='lat' dir='ltr'><strong>sibi</strong></span> <span class='ocrx_word' id='word_1_240' title='bbox 946 2953 1058 2996; x_wconf 87' lang='lat' dir='ltr'><strong>verum</strong></span> <span class='ocrx_word' id='word_1_241' title='bbox 1078 2934 1250 3007; x_wconf 88' lang='lat' dir='ltr'><strong>videretur,</strong></span> <span class='ocrx_word' id='word_1_242' title='bbox 1272 2954 1379 3010; x_wconf 90' lang='lat' dir='ltr'><strong>respe-</strong></span> 
     </span>
     <span class='ocr_line' id='line_1_29' title="bbox 210 3030 1373 3109; baseline -0.003 -19"><span class='ocrx_word' id='word_1_243' title='bbox 210 3030 308 3091; x_wconf 88' lang='lat' dir='ltr'><strong>xisse.</strong></span> <span class='ocrx_word' id='word_1_244' title='bbox 333 3030 423 3105; x_wconf 91' lang='lat' dir='ltr'><strong>Quae</strong></span> <span class='ocrx_word' id='word_1_245' title='bbox 446 3051 544 3092; x_wconf 88' lang='lat' dir='ltr'><strong>causa</strong></span> <span class='ocrx_word' id='word_1_246' title='bbox 565 3052 639 3094; x_wconf 90' lang='lat' dir='ltr'><strong>eum</strong></span> <span class='ocrx_word' id='word_1_247' title='bbox 659 3031 829 3109; x_wconf 87' lang='lat' dir='ltr'><strong>impulerit,</strong></span> <span class='ocrx_word' id='word_1_248' title='bbox 847 3045 882 3093; x_wconf 92' lang='lat' dir='ltr'><strong>ut</strong></span> <span class='ocrx_word' id='word_1_249' title='bbox 902 3044 1015 3092; x_wconf 89' lang='lat' dir='ltr'><strong>contra</strong></span> <span class='ocrx_word' id='word_1_250' title='bbox 1035 3050 1087 3091; x_wconf 90' lang='lat' dir='ltr'><strong>me</strong></span> <span class='ocrx_word' id='word_1_251' title='bbox 1109 3030 1274 3104; x_wconf 88' lang='lat' dir='ltr'><strong>scriberet,</strong></span> <span class='ocrx_word' id='word_1_252' title='bbox 1293 3031 1373 3091; x_wconf 85' lang='lat' dir='ltr'><strong>scio:</strong></span> 
     </span>
    </p>
   </div>
   <div class='ocr_carea' id='block_1_3' title="bbox 210 3126 1377 3206">
    <p class='ocr_par' dir='ltr' id='par_1_4' title="bbox 210 3126 1377 3206">
     <span class='ocr_line' id='line_1_30' title="bbox 210 3126 1377 3206; baseline -0.001 -18"><span class='ocrx_word' id='word_1_253' title='bbox 210 3147 272 3204; x_wconf 84' lang='lat' dir='ltr'><strong>ego</strong></span> <span class='ocrx_word' id='word_1_254' title='bbox 294 3147 371 3189; x_wconf 88' lang='lat' dir='ltr'><strong>vero</strong></span> <span class='ocrx_word' id='word_1_255' title='bbox 393 3129 457 3189; x_wconf 93' lang='lat' dir='ltr'><strong>hoc</strong></span> <span class='ocrx_word' id='word_1_256' title='bbox 480 3131 631 3191; x_wconf 88' lang='lat' dir='ltr'><strong>audacter</strong></span> <span class='ocrx_word' id='word_1_257' title='bbox 652 3129 726 3190; x_wconf 94' lang='lat' dir='ltr'><strong>dico</strong></span> <span class='ocrx_word' id='word_1_258' title='bbox 748 3142 779 3191; x_wconf 92' lang='lat' dir='ltr'><strong>et</strong></span> <span class='ocrx_word' id='word_1_259' title='bbox 801 3148 866 3191; x_wconf 92' lang='lat' dir='ltr'><strong>non</strong></span> <span class='ocrx_word' id='word_1_260' title='bbox 888 3143 1007 3192; x_wconf 89' lang='lat' dir='ltr'><strong>temere</strong></span> <span class='ocrx_word' id='word_1_261' title='bbox 1030 3127 1183 3206; x_wconf 83' lang='lat' dir='ltr'><strong>confirmo</strong></span> <span class='ocrx_word' id='word_1_262' title='bbox 1206 3148 1271 3190; x_wconf 91' lang='lat' dir='ltr'><strong>non</strong></span> <span class='ocrx_word' id='word_1_263' title='bbox 1292 3126 1377 3188; x_wconf 90' lang='lat' dir='ltr'><strong>veri-</strong></span> 
     </span>
    </p>
   </div>
   <div class='ocr_carea' id='block_1_4' title="bbox 210 3317 414 3326">
    <p class='ocr_par' dir='ltr' id='par_1_5' title="bbox 210 3317 414 3326">
     <span class='ocr_line' id='line_1_31' title="bbox 210 3317 414 3326; baseline -0.005 0"><span class='ocrx_word' id='word_1_264' title='bbox 210 3317 414 3326; x_wconf 66' lang='lat' dir='ltr'><strong>—a———n</strong></span> 
     </span>
    </p>
   </div>
   <div class='ocr_carea' id='block_1_5' title="bbox 207 3451 1377 4372">
    <p class='ocr_par' dir='ltr' id='par_1_6' title="bbox 207 3451 1377 3862">
     <span class='ocr_line' id='line_1_32' title="bbox 246 3451 1377 3522; baseline 0.001 -17"><span class='ocrx_word' id='word_1_265' title='bbox 246 3451 282 3522; x_wconf 91' lang='grc' dir='ltr'><strong>(Ι)</strong></span> <span class='ocrx_word' id='word_1_266' title='bbox 305 3471 318 3504; x_wconf 82' lang='lat' dir='ltr'><strong>u</strong></span> <span class='ocrx_word' id='word_1_267' title='bbox 335 3451 477 3506; x_wconf 73' lang='lat' dir='ltr'><strong>efformati</strong></span> <span class='ocrx_word' id='word_1_268' title='bbox 494 3469 511 3505; x_wconf 84' lang='lat' dir='ltr'><strong>a</strong></span> <span class='ocrx_word' id='word_1_269' title='bbox 529 3467 593 3521; x_wconf 81' lang='lat' dir='ltr'><strong>pag.</strong></span> <span class='ocrx_word' id='word_1_270' title='bbox 612 3451 647 3506; x_wconf 83' lang='lat'><strong>52</strong></span> <span class='ocrx_word' id='word_1_271' title='bbox 665 3452 715 3506; x_wconf 87' lang='lat' dir='ltr'><strong>ohe</strong></span> <span class='ocrx_word' id='word_1_272' title='bbox 735 3469 789 3507; x_wconf 90' lang='lat' dir='ltr'><strong>non</strong></span> <span class='ocrx_word' id='word_1_273' title='bbox 808 3457 823 3506; x_wconf 79' lang='grc' dir='ltr'>ὸ</span> <span class='ocrx_word' id='word_1_274' title='bbox 841 3454 907 3506; x_wconf 85' lang='lat' dir='ltr'><strong>noto</strong></span> <span class='ocrx_word' id='word_1_275' title='bbox 925 3451 975 3507; x_wconf 87' lang='lat' dir='ltr'><strong>ohe</strong></span> <span class='ocrx_word' id='word_1_276' title='bbox 994 3452 1021 3505; x_wconf 84' lang='lat' dir='ltr'><strong>la</strong></span> <span class='ocrx_word' id='word_1_277' title='bbox 1034 3451 1126 3522; x_wconf 82' lang='lat' dir='ltr'><strong>prima</strong></span> <span class='ocrx_word' id='word_1_278' title='bbox 1138 3456 1231 3508; x_wconf 83' lang='lat' dir='ltr'><strong>coorta</strong></span> <span class='ocrx_word' id='word_1_279' title='bbox 1249 3452 1293 3506; x_wconf 86' lang='lat' dir='ltr'><strong>dei</strong></span> <span class='ocrx_word' id='word_1_280' title='bbox 1305 3453 1377 3508; x_wconf 80' lang='lat' dir='ltr'><strong>Dal-</strong></span> 
     </span>
     <span class='ocr_line' id='line_1_33' title="bbox 209 3536 1377 3606; baseline 0 -16"><span class='ocrx_word' id='word_1_281' title='bbox 209 3538 279 3590; x_wconf 84' lang='lat' dir='ltr'><strong>mati</strong></span> <span class='ocrx_word' id='word_1_282' title='bbox 299 3537 466 3592; x_wconf 78' lang='lat' dir='ltr'><strong>connodata</strong></span> <span class='ocrx_word' id='word_1_283' title='bbox 484 3554 540 3591; x_wconf 86' lang='lat' dir='ltr'><strong>una</strong></span> <span class='ocrx_word' id='word_1_284' title='bbox 558 3537 686 3592; x_wconf 80' lang='lat' dir='ltr'><strong>vallada</strong></span> <span class='ocrx_word' id='word_1_285' title='bbox 704 3537 854 3591; x_wconf 83' lang='lat' dir='ltr'><strong>Gioveualo</strong></span> <span class='ocrx_word' id='word_1_286' title='bbox 875 3537 1032 3593; x_wconf 80' lang='lat' dir='ltr'><strong>rimanesse</strong></span> <span class='ocrx_word' id='word_1_287' title='bbox 1051 3537 1125 3591; x_wconf 81' lang='lat' dir='ltr'><strong>nella</strong></span> <span class='ocrx_word' id='word_1_288' title='bbox 1141 3537 1289 3591; x_wconf 80' lang='lat' dir='ltr'><strong>Britannia</strong></span> <span class='ocrx_word' id='word_1_289' title='bbox 1307 3536 1377 3606; x_wconf 90' lang='lat' dir='ltr'><strong>dopo</strong></span> 
     </span>
     <span class='ocr_line' id='line_1_34' title="bbox 208 3621 1376 3692; baseline -0.002 -16"><span class='ocrx_word' id='word_1_290' title='bbox 208 3621 232 3676; x_wconf 92' lang='lat' dir='ltr'><strong>il</strong></span> <span class='ocrx_word' id='word_1_291' title='bbox 251 3621 308 3690; x_wconf 78' lang='lat'><strong>124,</strong></span> <span class='ocrx_word' id='word_1_292' title='bbox 328 3626 437 3676; x_wconf 82' lang='lat' dir='ltr'><strong>mentre</strong></span> <span class='ocrx_word' id='word_1_293' title='bbox 464 3625 560 3677; x_wconf 61' lang='lat' dir='ltr'><strong>invase</strong></span> <span class='ocrx_word' id='word_1_294' title='bbox 578 3622 614 3676; x_wconf 84' lang='lat' dir='ltr'><strong>da</strong></span> <span class='ocrx_word' id='word_1_295' title='bbox 631 3622 829 3676; x_wconf 83' lang='lat' dir='ltr'><strong>un’isorizione</strong></span> <span class='ocrx_word' id='word_1_296' title='bbox 847 3624 956 3676; x_wconf 77' lang='lat' dir='ltr'><strong>trovato</strong></span> <span class='ocrx_word' id='word_1_297' title='bbox 978 3622 1026 3692; x_wconf 80' lang='lat' dir='ltr'><strong>piu</strong></span> <span class='ocrx_word' id='word_1_298' title='bbox 1046 3623 1113 3676; x_wconf 83' lang='lat' dir='ltr'><strong>anni</strong></span> <span class='ocrx_word' id='word_1_299' title='bbox 1132 3637 1200 3676; x_wconf 81' lang='lat' dir='ltr'><strong>sono</strong></span> <span class='ocrx_word' id='word_1_300' title='bbox 1218 3621 1247 3675; x_wconf 92' lang='lat' dir='ltr'><strong>in</strong></span> <span class='ocrx_word' id='word_1_301' title='bbox 1267 3621 1376 3690; x_wconf 80' lang='lat' dir='ltr'><strong>lughil-</strong></span> 
     </span>
     <span class='ocr_line' id='line_1_35' title="bbox 207 3706 1377 3777; baseline -0.002 -15"><span class='ocrx_word' id='word_1_302' title='bbox 207 3712 285 3762; x_wconf 78' lang='lat' dir='ltr'><strong>terra</strong></span> <span class='ocrx_word' id='word_1_303' title='bbox 303 3707 329 3759; x_wconf 82' lang='lat' dir='ltr'><strong>si</strong></span> <span class='ocrx_word' id='word_1_304' title='bbox 355 3709 443 3760; x_wconf 79' lang='lat' dir='ltr'><strong>ritrae</strong></span> <span class='ocrx_word' id='word_1_305' title='bbox 461 3706 512 3760; x_wconf 85' lang='lat' dir='ltr'><strong>che</strong></span> <span class='ocrx_word' id='word_1_306' title='bbox 530 3707 559 3760; x_wconf 83' lang='lat' dir='ltr'><strong>la</strong></span> <span class='ocrx_word' id='word_1_307' title='bbox 577 3710 670 3760; x_wconf 85' lang='lat' dir='ltr'><strong>coorta</strong></span> <span class='ocrx_word' id='word_1_308' title='bbox 688 3707 715 3760; x_wconf 84' lang='lat' dir='ltr'><strong>vi</strong></span> <span class='ocrx_word' id='word_1_309' title='bbox 733 3722 781 3762; x_wconf 84' lang='lat' dir='ltr'><strong>ara</strong></span> <span class='ocrx_word' id='word_1_310' title='bbox 799 3710 906 3762; x_wconf 73' lang='lat' dir='ltr'><strong>tutiora</strong></span> <span class='ocrx_word' id='word_1_311' title='bbox 925 3711 998 3762; x_wconf 83' lang='lat' dir='ltr'><strong>sotto</strong></span> <span class='ocrx_word' id='word_1_312' title='bbox 1017 3707 1037 3761; x_wconf 93' lang='lat' dir='ltr'><strong>il</strong></span> <span class='ocrx_word' id='word_1_313' title='bbox 1056 3707 1107 3762; x_wconf 90' lang='lat' dir='ltr'><strong>Pio</strong></span> <span class='ocrx_word' id='word_1_314' title='bbox 1119 3707 1188 3777; x_wconf 80' lang='lat' dir='ltr'><strong>(Gir.</strong></span> <span class='ocrx_word' id='word_1_315' title='bbox 1206 3707 1377 3776; x_wconf 77' lang='lat' dir='ltr'><strong>Ephemart&#39;s</strong></span> 
     </span>
     <span class='ocr_line' id='line_1_36' title="bbox 208 3791 778 3862; baseline 0.002 -18"><span class='ocrx_word' id='word_1_316' title='bbox 208 3793 398 3862; x_wconf 73' lang='lat' dir='ltr'><strong>eptprapttca</strong></span> <span class='ocrx_word' id='word_1_317' title='bbox 419 3792 514 3846; x_wconf 83' lang='lat' dir='ltr'><strong>latina</strong></span> <span class='ocrx_word' id='word_1_318' title='bbox 527 3791 621 3846; x_wconf 88' lang='lat' dir='ltr'><strong>Vol.3</strong></span> <span class='ocrx_word' id='word_1_319' title='bbox 638 3809 665 3862; x_wconf 89' lang='lat' dir='ltr'><strong>p.</strong></span> <span class='ocrx_word' id='word_1_320' title='bbox 689 3791 778 3862; x_wconf 75' lang='lat' dir='ltr'><strong>129lu.</strong></span> 
     </span>
    </p>

    <p class='ocr_par' dir='ltr' id='par_1_7' title="bbox 243 3876 892 3947">
     <span class='ocr_line' id='line_1_37' title="bbox 243 3876 892 3947; baseline -0.002 -16"><span class='ocrx_word' id='word_1_321' title='bbox 243 3876 279 3947; x_wconf 79' lang='lat'><strong>(2)</strong></span> <span class='ocrx_word' id='word_1_322' title='bbox 299 3877 329 3934; x_wconf 87' lang='lat' dir='ltr'><strong>G.</strong></span> <span class='ocrx_word' id='word_1_323' title='bbox 349 3877 371 3930; x_wconf 96' lang='grc' dir='ltr'><strong>Ι.</strong></span> <span class='ocrx_word' id='word_1_324' title='bbox 391 3878 422 3933; x_wconf 89' lang='lat' dir='ltr'><strong>L.</strong></span> <span class='ocrx_word' id='word_1_325' title='bbox 444 3877 506 3934; x_wconf 91' lang='lat' dir='ltr'><strong>Vol.</strong></span> <span class='ocrx_word' id='word_1_326' title='bbox 526 3877 586 3943; x_wconf 87' lang='lat' dir='ltr'><strong>vll,</strong></span> <span class='ocrx_word' id='word_1_327' title='bbox 605 3895 653 3934; x_wconf 90' lang='lat' dir='ltr'><strong>nn.</strong></span> <span class='ocrx_word' id='word_1_328' title='bbox 673 3877 734 3947; x_wconf 77' lang='lat'><strong>367,</strong></span> <span class='ocrx_word' id='word_1_329' title='bbox 753 3879 814 3946; x_wconf 85' lang='lat'><strong>388,</strong></span> <span class='ocrx_word' id='word_1_330' title='bbox 832 3877 892 3931; x_wconf 87' lang='grc'><strong>400.</strong></span> 
     </span>
    </p>

    <p class='ocr_par' dir='ltr' id='par_1_8' title="bbox 245 3961 548 4033">
     <span class='ocr_line' id='line_1_38' title="bbox 245 3961 548 4033; baseline 0.003 -18"><span class='ocrx_word' id='word_1_331' title='bbox 245 3961 280 4030; x_wconf 91' lang='grc'><strong>(3)</strong></span> <span class='ocrx_word' id='word_1_332' title='bbox 300 3963 351 4033; x_wconf 89' lang='lat' dir='ltr'><strong>Op.</strong></span> <span class='ocrx_word' id='word_1_333' title='bbox 371 3964 418 4018; x_wconf 85' lang='lat' dir='ltr'><strong>cit.</strong></span> <span class='ocrx_word' id='word_1_334' title='bbox 439 3980 467 4019; x_wconf 90' lang='lat' dir='ltr'><strong>n.</strong></span> <span class='ocrx_word' id='word_1_335' title='bbox 488 3963 548 4019; x_wconf 82' lang='lat'><strong>400.</strong></span> 
     </span>
    </p>

    <p class='ocr_par' dir='ltr' id='par_1_9' title="bbox 207 4044 1374 4203">
     <span class='ocr_line' id='line_1_39' title="bbox 244 4044 1374 4118; baseline -0.001 -18"><span class='ocrx_word' id='word_1_336' title='bbox 244 4049 279 4116; x_wconf 91' lang='grc'><strong>(4)</strong></span> <span class='ocrx_word' id='word_1_337' title='bbox 298 4048 355 4102; x_wconf 78' lang='lat' dir='ltr'><strong>Otr.</strong></span> <span class='ocrx_word' id='word_1_338' title='bbox 377 4047 501 4112; x_wconf 69' lang='lat' dir='ltr'><strong>Humor,</strong></span> <span class='ocrx_word' id='word_1_339' title='bbox 520 4050 580 4101; x_wconf 78' lang='lat' dir='ltr'><strong>Das</strong></span> <span class='ocrx_word' id='word_1_340' title='bbox 598 4048 751 4116; x_wconf 77' lang='lat' dir='ltr'><strong>Rdrnisclte</strong></span> <span class='ocrx_word' id='word_1_341' title='bbox 779 4047 857 4100; x_wconf 79' lang='lat' dir='ltr'><strong>Haar</strong></span> <span class='ocrx_word' id='word_1_342' title='bbox 876 4053 909 4100; x_wconf 77' lang='lat' dir='ltr'><strong>iu</strong></span> <span class='ocrx_word' id='word_1_343' title='bbox 927 4047 1109 4102; x_wconf 70' lang='lat' dir='ltr'><strong>Britannico</strong></span> <span class='ocrx_word' id='word_1_344' title='bbox 1129 4047 1269 4118; x_wconf 85' lang='lat' dir='ltr'><strong>(Harmas,</strong></span> <span class='ocrx_word' id='word_1_345' title='bbox 1290 4044 1374 4112; x_wconf 82' lang='lat'><strong>1881,</strong></span> 
     </span>
     <span class='ocr_line' id='line_1_40' title="bbox 207 4131 1067 4203; baseline -0.001 -17"><span class='ocrx_word' id='word_1_346' title='bbox 207 4149 235 4202; x_wconf 91' lang='lat' dir='ltr'><strong>p.</strong></span> <span class='ocrx_word' id='word_1_347' title='bbox 255 4131 307 4186; x_wconf 79' lang='lat'><strong>567</strong></span> <span class='ocrx_word' id='word_1_348' title='bbox 324 4141 352 4186; x_wconf 84' lang='lat' dir='ltr'><strong>et</strong></span> <span class='ocrx_word' id='word_1_349' title='bbox 371 4134 465 4187; x_wconf 83' lang='lat' dir='ltr'><strong>adnot.</strong></span> <span class='ocrx_word' id='word_1_350' title='bbox 486 4133 504 4188; x_wconf 81' lang='lat'><em>2</em></span> <span class='ocrx_word' id='word_1_351' title='bbox 521 4133 587 4186; x_wconf 85' lang='lat' dir='ltr'><strong>ibid.</strong></span> <span class='ocrx_word' id='word_1_352' title='bbox 608 4132 665 4187; x_wconf 78' lang='lat' dir='ltr'><strong>Gir.</strong></span> <span class='ocrx_word' id='word_1_353' title='bbox 686 4133 720 4189; x_wconf 83' lang='grc' dir='ltr'><strong>Ο.</strong></span> <span class='ocrx_word' id='word_1_354' title='bbox 732 4132 810 4200; x_wconf 88' lang='lat' dir='ltr'><strong>l.·L.‚</strong></span> <span class='ocrx_word' id='word_1_355' title='bbox 824 4132 874 4200; x_wconf 93' lang='lat' dir='ltr'><strong>Ill,</strong></span> <span class='ocrx_word' id='word_1_356' title='bbox 896 4133 971 4203; x_wconf 81' lang='lat'><strong>1979,</strong></span> <span class='ocrx_word' id='word_1_357' title='bbox 990 4131 1067 4187; x_wconf 84' lang='grc'><strong>6374.</strong></span> 
     </span>
    </p>

    <p class='ocr_par' dir='ltr' id='par_1_10' title="bbox 243 4217 800 4288">
     <span class='ocr_line' id='line_1_41' title="bbox 243 4217 800 4288; baseline 0.005 -16"><span class='ocrx_word' id='word_1_358' title='bbox 243 4218 278 4287; x_wconf 86' lang='grc'><strong>(5)</strong></span> <span class='ocrx_word' id='word_1_359' title='bbox 299 4218 358 4271; x_wconf 80' lang='lat' dir='ltr'><strong>Cir.</strong></span> <span class='ocrx_word' id='word_1_360' title='bbox 377 4218 495 4272; x_wconf 77' lang='lat' dir='ltr'><strong>Rivista</strong></span> <span class='ocrx_word' id='word_1_361' title='bbox 514 4217 574 4286; x_wconf 80' lang='lat' dir='ltr'><strong>cit,</strong></span> <span class='ocrx_word' id='word_1_362' title='bbox 596 4237 623 4288; x_wconf 90' lang='lat' dir='ltr'><strong>p.</strong></span> <span class='ocrx_word' id='word_1_363' title='bbox 641 4218 688 4271; x_wconf 84' lang='grc'><strong>421</strong></span> <span class='ocrx_word' id='word_1_364' title='bbox 710 4217 739 4286; x_wconf 88' lang='grc'><strong>(9</strong></span> <span class='ocrx_word' id='word_1_365' title='bbox 756 4219 800 4286; x_wconf 80' lang='grc' dir='ltr'><strong>Ε).</strong></span> 
     </span>
    </p>

    <p class='ocr_par' dir='ltr' id='par_1_11' title="bbox 241 4301 813 4372">
     <span class='ocr_line' id='line_1_42' title="bbox 241 4301 813 4372; baseline -0.003 -16"><span class='ocrx_word' id='word_1_366' title='bbox 241 4302 276 4372; x_wconf 91' lang='grc'><strong>(6)</strong></span> <span class='ocrx_word' id='word_1_367' title='bbox 297 4303 355 4357; x_wconf 82' lang='lat' dir='ltr'><strong>cfr.</strong></span> <span class='ocrx_word' id='word_1_368' title='bbox 377 4303 495 4358; x_wconf 82' lang='lat' dir='ltr'><strong>Rioista</strong></span> <span class='ocrx_word' id='word_1_369' title='bbox 513 4306 573 4371; x_wconf 75' lang='lat' dir='ltr'><strong>cit,</strong></span> <span class='ocrx_word' id='word_1_370' title='bbox 593 4320 620 4371; x_wconf 91' lang='lat' dir='ltr'><strong>p.</strong></span> <span class='ocrx_word' id='word_1_371' title='bbox 640 4302 690 4356; x_wconf 77' lang='lat' dir='ltr'><strong>toa</strong></span> <span class='ocrx_word' id='word_1_372' title='bbox 708 4301 754 4372; x_wconf 84' lang='lat'><strong>(50</strong></span> <span class='ocrx_word' id='word_1_373' title='bbox 771 4303 813 4370; x_wconf 83' lang='lat' dir='ltr'><strong>E).</strong></span> 
     </span>
    </p>
   </div>
   <div class='ocr_carea' id='block_1_6' title="bbox 0 0 1688 5094">
    <p class='ocr_par' dir='ltr' id='par_1_12' title="bbox 0 0 1688 5094">
     <span class='ocr_line' id='line_1_43' title="bbox 0 0 1688 5094; baseline 0 1"><span class='ocrx_word' id='word_1_374' title='bbox 0 0 1688 5094; x_wconf 95' lang='lat' dir='ltr'><strong> </strong></span> 
     </span>
    </p>
   </div>
  </div>
 </body>
</html>
