<?xml version="1.0" encoding="UTF-8"?>
<!DOCTYPE html PUBLIC "-//W3C//DTD XHTML 1.0 Transitional//EN"
    "http://www.w3.org/TR/xhtml1/DTD/xhtml1-transitional.dtd">
<html xmlns="http://www.w3.org/1999/xhtml" xml:lang="en" lang="en">
 <head>
  <title>
</title>
<meta http-equiv="Content-Type" content="text/html;charset=utf-8" />
  <meta name='ocr-system' content='tesseract 3.04.00' />
  <meta name='ocr-capabilities' content='ocr_page ocr_carea ocr_par ocr_line ocrx_word'/>
</head>
<body>
  <div class='ocr_page' id='page_1' title='image "./dejuvenalisvita00stamgoog_0010.png"; bbox 0 0 3368 5094; ppageno 0'>
   <div class='ocr_carea' id='block_1_1' title="bbox 732 293 833 346">
    <p class='ocr_par' dir='ltr' id='par_1_1' title="bbox 732 293 833 346">
     <span class='ocr_line' id='line_1_1' title="bbox 732 293 833 346; baseline -0.02 -14"><span class='ocrx_word' id='word_1_1' title='bbox 732 293 833 346; x_wconf 74' lang='grc'>..7-</span> 
     </span>
    </p>
   </div>
   <div class='ocr_carea' id='block_1_2' title="bbox 198 405 1472 2532">
    <p class='ocr_par' dir='ltr' id='par_1_2' title="bbox 198 405 1472 2532">
     <span class='ocr_line' id='line_1_2' title="bbox 201 405 1366 492; baseline -0.004 -15"><span class='ocrx_word' id='word_1_2' title='bbox 201 405 375 482; x_wconf 90' lang='lat' dir='ltr'>abhorrere</span> <span class='ocrx_word' id='word_1_3' title='bbox 403 428 510 492; x_wconf 91' lang='lat' dir='ltr'>aperte</span> <span class='ocrx_word' id='word_1_4' title='bbox 537 413 734 476; x_wconf 87' lang='lat' dir='ltr'>declararent</span> <span class='ocrx_word' id='word_1_5' title='bbox 759 433 841 491; x_wconf 88' lang='lat' dir='ltr'>quae</span> <span class='ocrx_word' id='word_1_6' title='bbox 867 412 936 490; x_wconf 90' lang='lat' dir='ltr'>ipse</span> <span class='ocrx_word' id='word_1_7' title='bbox 958 409 1093 473; x_wconf 89' lang='lat' dir='ltr'>Tartara</span> <span class='ocrx_word' id='word_1_8' title='bbox 1118 411 1291 484; x_wconf 80' lang='lat' dir='ltr'><strong>contendit,</strong></span> <span class='ocrx_word' id='word_1_9' title='bbox 1310 431 1366 473; x_wconf 82' lang='lat' dir='ltr'>ex·</span> 
     </span>
     <span class='ocr_line' id='line_1_3' title="bbox 203 505 1340 589; baseline -0.006 -15"><span class='ocrx_word' id='word_1_10' title='bbox 203 511 326 574; x_wconf 88' lang='lat' dir='ltr'>sulesa</span> <span class='ocrx_word' id='word_1_11' title='bbox 346 511 453 574; x_wconf 87' lang='lat' dir='ltr'>Nerva</span> <span class='ocrx_word' id='word_1_12' title='bbox 474 511 506 572; x_wconf 91' lang='lat' dir='ltr'>in</span> <span class='ocrx_word' id='word_1_13' title='bbox 527 505 665 589; x_wconf 70' lang='lat' dir='ltr'>patriam</span> <span class='ocrx_word' id='word_1_14' title='bbox 686 510 786 580; x_wconf 89' lang='lat' dir='ltr'>fuisse</span> <span class='ocrx_word' id='word_1_15' title='bbox 807 508 1000 586; x_wconf 88' lang='lat' dir='ltr'>revocatos(</span> <span class='ocrx_word' id='word_1_16' title='bbox 1020 507 1044 587; x_wconf 89' lang='grc'>).</span> <span class='ocrx_word' id='word_1_17' title='bbox 1337 569 1340 574; x_wconf 78' lang='grc'>,</span> 
     </span>
     <span class='ocr_line' id='line_1_4' title="bbox 239 605 1364 690; baseline -0.003 -20"><span class='ocrx_word' id='word_1_18' title='bbox 239 609 370 690; x_wconf 81' lang='lat' dir='ltr'>Erravit</span> <span class='ocrx_word' id='word_1_19' title='bbox 386 609 483 686; x_wconf 90' lang='lat' dir='ltr'>igitur</span> <span class='ocrx_word' id='word_1_20' title='bbox 503 608 684 671; x_wconf 83' lang='lat' dir='ltr'>Alexander</span> <span class='ocrx_word' id='word_1_21' title='bbox 705 607 839 670; x_wconf 90' lang='lat' dir='ltr'>Tartara</span> <span class='ocrx_word' id='word_1_22' title='bbox 861 607 915 684; x_wconf 92' lang='lat' dir='ltr'>qui</span> <span class='ocrx_word' id='word_1_23' title='bbox 936 605 1101 668; x_wconf 88' lang='lat' dir='ltr'>testiuma</span> <span class='ocrx_word' id='word_1_24' title='bbox 1122 625 1158 666; x_wconf 88' lang='lat' dir='ltr'>se</span> <span class='ocrx_word' id='word_1_25' title='bbox 1173 607 1213 668; x_wconf 93' lang='lat' dir='ltr'>ad</span> <span class='ocrx_word' id='word_1_26' title='bbox 1235 621 1364 668; x_wconf 87' lang='lat' dir='ltr'>senten-</span> 
     </span>
     <span class='ocr_line' id='line_1_5' title="bbox 200 704 1364 784; baseline -0.003 -14"><span class='ocrx_word' id='word_1_27' title='bbox 200 707 278 770; x_wconf 89' lang='lat' dir='ltr'>tiam</span> <span class='ocrx_word' id='word_1_28' title='bbox 291 728 382 769; x_wconf 90' lang='lat' dir='ltr'>suam</span> <span class='ocrx_word' id='word_1_29' title='bbox 395 705 648 784; x_wconf 86' lang='lat' dir='ltr'>confirmandam</span> <span class='ocrx_word' id='word_1_30' title='bbox 663 705 881 768; x_wconf 82' lang='lat' dir='ltr'>adhibitorum</span> <span class='ocrx_word' id='word_1_31' title='bbox 896 707 1142 782; x_wconf 81' lang='lat' dir='ltr'>repugnantiam</span> <span class='ocrx_word' id='word_1_32' title='bbox 1157 721 1222 765; x_wconf 90' lang='lat' dir='ltr'>non</span> <span class='ocrx_word' id='word_1_33' title='bbox 1235 704 1364 777; x_wconf 87' lang='lat' dir='ltr'>viderit,</span> 
     </span>
     <span class='ocr_line' id='line_1_6' title="bbox 201 800 1364 880; baseline -0.001 -15"><span class='ocrx_word' id='word_1_34' title='bbox 201 805 230 866; x_wconf 89' lang='lat' dir='ltr'>si</span> <span class='ocrx_word' id='word_1_35' title='bbox 250 803 402 865; x_wconf 88' lang='lat' dir='ltr'>Malalam</span> <span class='ocrx_word' id='word_1_36' title='bbox 417 817 448 866; x_wconf 90' lang='lat' dir='ltr'>et</span> <span class='ocrx_word' id='word_1_37' title='bbox 471 801 605 865; x_wconf 88' lang='lat' dir='ltr'>Suidam</span> <span class='ocrx_word' id='word_1_38' title='bbox 620 803 772 880; x_wconf 80' lang='lat' dir='ltr'>excipias,</span> <span class='ocrx_word' id='word_1_39' title='bbox 790 820 873 880; x_wconf 90' lang='lat' dir='ltr'>quos</span> <span class='ocrx_word' id='word_1_40' title='bbox 888 801 943 878; x_wconf 92' lang='lat' dir='ltr'>qui</span> <span class='ocrx_word' id='word_1_41' title='bbox 963 821 1038 862; x_wconf 89' lang='lat' dir='ltr'>vere</span> <span class='ocrx_word' id='word_1_42' title='bbox 1053 800 1226 878; x_wconf 85' lang='lat' dir='ltr'>scripsisse</span> <span class='ocrx_word' id='word_1_43' title='bbox 1240 815 1364 879; x_wconf 83' lang='lat' dir='ltr'>putent,</span> 
     </span>
     <span class='ocr_line' id='line_1_7' title="bbox 200 896 1365 976; baseline -0.003 -14"><span class='ocrx_word' id='word_1_44' title='bbox 200 901 320 964; x_wconf 86' lang='lat' dir='ltr'>nullam</span> <span class='ocrx_word' id='word_1_45' title='bbox 338 901 498 964; x_wconf 89' lang='lat' dir='ltr'>rationem</span> <span class='ocrx_word' id='word_1_46' title='bbox 520 899 631 961; x_wconf 86' lang='lat' dir='ltr'>afferre</span> <span class='ocrx_word' id='word_1_47' title='bbox 651 899 747 962; x_wconf 87' lang='lat' dir='ltr'>video</span> <span class='ocrx_word' id='word_1_48' title='bbox 763 898 974 976; x_wconf 87' lang='lat' dir='ltr'>quamobrem</span> <span class='ocrx_word' id='word_1_49' title='bbox 996 899 1033 960; x_wconf 89' lang='lat' dir='ltr'>id</span> <span class='ocrx_word' id='word_1_50' title='bbox 1049 911 1174 975; x_wconf 88' lang='lat' dir='ltr'>putent.</span> <span class='ocrx_word' id='word_1_51' title='bbox 1198 896 1295 972; x_wconf 90' lang='lat' dir='ltr'>Quod</span> <span class='ocrx_word' id='word_1_52' title='bbox 1310 917 1365 960; x_wconf 89' lang='lat' dir='ltr'>su-</span> 
     </span>
     <span class='ocr_line' id='line_1_8' title="bbox 199 994 1365 1076; baseline -0.003 -16"><span class='ocrx_word' id='word_1_53' title='bbox 199 1012 318 1076; x_wconf 89' lang='lat' dir='ltr'>perest,</span> <span class='ocrx_word' id='word_1_54' title='bbox 343 1001 371 1060; x_wconf 91' lang='lat' dir='ltr'>si</span> <span class='ocrx_word' id='word_1_55' title='bbox 391 1017 468 1060; x_wconf 88' lang='lat' dir='ltr'>vera</span> <span class='ocrx_word' id='word_1_56' title='bbox 489 996 542 1059; x_wconf 92' lang='lat' dir='ltr'>illa</span> <span class='ocrx_word' id='word_1_57' title='bbox 564 1011 638 1060; x_wconf 87' lang='lat' dir='ltr'>sunt</span> <span class='ocrx_word' id='word_1_58' title='bbox 660 1017 742 1074; x_wconf 91' lang='lat' dir='ltr'>quae</span> <span class='ocrx_word' id='word_1_59' title='bbox 764 1003 875 1065; x_wconf 81' lang='lat' dir='ltr'>auc-tor</span> <span class='ocrx_word' id='word_1_60' title='bbox 895 995 988 1057; x_wconf 83' lang='lat' dir='ltr'>Vitae</span> <span class='ocrx_word' id='word_1_61' title='bbox 1009 997 1132 1073; x_wconf 84' lang='lat' dir='ltr'>primae</span> <span class='ocrx_word' id='word_1_62' title='bbox 1154 994 1274 1074; x_wconf 90' lang='lat' dir='ltr'>scripta</span> <span class='ocrx_word' id='word_1_63' title='bbox 1293 995 1365 1056; x_wconf 90' lang='lat' dir='ltr'>reli·</span> 
     </span>
     <span class='ocr_line' id='line_1_9' title="bbox 199 1086 1365 1174; baseline -0.003 -15"><span class='ocrx_word' id='word_1_64' title='bbox 199 1096 278 1174; x_wconf 85' lang='lat' dir='ltr'>quit,</span> <span class='ocrx_word' id='word_1_65' title='bbox 302 1097 353 1158; x_wconf 87' lang='lat' dir='ltr'>vel</span> <span class='ocrx_word' id='word_1_66' title='bbox 374 1116 413 1157; x_wconf 85' lang='lat' dir='ltr'>ex</span> <span class='ocrx_word' id='word_1_67' title='bbox 433 1095 495 1168; x_wconf 89' lang='lat' dir='ltr'>his,</span> <span class='ocrx_word' id='word_1_68' title='bbox 520 1093 583 1157; x_wconf 89' lang='lat' dir='ltr'>nisi</span> <span class='ocrx_word' id='word_1_69' title='bbox 613 1115 665 1156; x_wconf 91' lang='lat' dir='ltr'>me</span> <span class='ocrx_word' id='word_1_70' title='bbox 686 1093 766 1157; x_wconf 87' lang='lat' dir='ltr'>fallit</span> <span class='ocrx_word' id='word_1_71' title='bbox 787 1086 925 1167; x_wconf 85' lang='lat' dir='ltr'>animus,</span> <span class='ocrx_word' id='word_1_72' title='bbox 949 1113 1086 1171; x_wconf 89' lang='lat' dir='ltr'>pronum</span> <span class='ocrx_word' id='word_1_73' title='bbox 1118 1092 1179 1154; x_wconf 88' lang='lat' dir='ltr'>erit</span> <span class='ocrx_word' id='word_1_74' title='bbox 1211 1093 1365 1170; x_wconf 74' lang='lat' dir='ltr'>colligere</span> 
     </span>
     <span class='ocr_line' id='line_1_10' title="bbox 198 1189 1472 1269; baseline -0.005 -13"><span class='ocrx_word' id='word_1_75' title='bbox 198 1193 353 1256; x_wconf 89' lang='lat' dir='ltr'>Malalam</span> <span class='ocrx_word' id='word_1_76' title='bbox 368 1207 399 1255; x_wconf 89' lang='lat' dir='ltr'>et</span> <span class='ocrx_word' id='word_1_77' title='bbox 421 1191 555 1255; x_wconf 88' lang='lat' dir='ltr'>Suidam</span> <span class='ocrx_word' id='word_1_78' title='bbox 569 1191 680 1264; x_wconf 87' lang='lat' dir='ltr'>omnia</span> <span class='ocrx_word' id='word_1_79' title='bbox 700 1193 937 1269; x_wconf 89' lang='lat' dir='ltr'>propemodum</span> <span class='ocrx_word' id='word_1_80' title='bbox 952 1193 991 1252; x_wconf 89' lang='lat' dir='ltr'>de</span> <span class='ocrx_word' id='word_1_81' title='bbox 1013 1189 1163 1251; x_wconf 90' lang='lat' dir='ltr'>Iuvenale</span> <span class='ocrx_word' id='word_1_82' title='bbox 1185 1209 1259 1251; x_wconf 89' lang='lat' dir='ltr'>esse</span> <span class='ocrx_word' id='word_1_83' title='bbox 1275 1210 1365 1251; x_wconf 91' lang='lat' dir='ltr'>men·</span> <span class='ocrx_word' id='word_1_84' title='bbox 1467 1256 1472 1265; x_wconf 33' lang='lat'><strong><em>¹</em></strong></span> 
     </span>
     <span class='ocr_line' id='line_1_11' title="bbox 199 1290 1425 1357; baseline -0.003 -5"><span class='ocrx_word' id='word_1_85' title='bbox 199 1290 288 1353; x_wconf 88' lang='lat' dir='ltr'>titos.</span> <span class='ocrx_word' id='word_1_86' title='bbox 1140 1349 1144 1357; x_wconf 82' lang='grc'><strong>,</strong></span> <span class='ocrx_word' id='word_1_87' title='bbox 1423 1295 1425 1298; x_wconf 87' lang='grc'><strong><em>·</em></strong></span> 
     </span>
     <span class='ocr_line' id='line_1_12' title="bbox 242 1384 1365 1472; baseline -0.004 -23"><span class='ocrx_word' id='word_1_88' title='bbox 242 1385 307 1450; x_wconf 86' lang='lat' dir='ltr'>Sed</span> <span class='ocrx_word' id='word_1_89' title='bbox 326 1387 503 1466; x_wconf 85' lang='lat' dir='ltr'>paullisper</span> <span class='ocrx_word' id='word_1_90' title='bbox 518 1407 536 1448; x_wconf 92' lang='lat' dir='ltr'>a</span> <span class='ocrx_word' id='word_1_91' title='bbox 550 1384 713 1449; x_wconf 82' lang='lat' dir='ltr'>Probiana</span> <span class='ocrx_word' id='word_1_92' title='bbox 727 1385 803 1448; x_wconf 89' lang='lat' dir='ltr'>Vita</span> <span class='ocrx_word' id='word_1_93' title='bbox 817 1385 1034 1458; x_wconf 66' lang='lat' dir='ltr'>discedamus</span> <span class='ocrx_word' id='word_1_94' title='bbox 1052 1387 1204 1462; x_wconf 89' lang='lat' dir='ltr'>adquam</span> <span class='ocrx_word' id='word_1_95' title='bbox 1225 1401 1301 1472; x_wconf 75' lang='lat' dir='ltr'>mon</span> <span class='ocrx_word' id='word_1_96' title='bbox 1315 1404 1365 1445; x_wconf 85' lang='lat' dir='ltr'>re-</span> 
     </span>
     <span class='ocr_line' id='line_1_13' title="bbox 198 1482 1366 1562; baseline -0.002 -16"><span class='ocrx_word' id='word_1_97' title='bbox 198 1499 371 1547; x_wconf 89' lang='lat' dir='ltr'>vertemur.</span> <span class='ocrx_word' id='word_1_98' title='bbox 395 1483 537 1562; x_wconf 85' lang='lat' dir='ltr'>Tempus</span> <span class='ocrx_word' id='word_1_99' title='bbox 559 1498 610 1547; x_wconf 88' lang='lat' dir='ltr'>est</span> <span class='ocrx_word' id='word_1_100' title='bbox 631 1484 717 1544; x_wconf 83' lang='lat' dir='ltr'>enim</span> <span class='ocrx_word' id='word_1_101' title='bbox 738 1503 789 1544; x_wconf 89' lang='lat' dir='ltr'>me</span> <span class='ocrx_word' id='word_1_102' title='bbox 811 1485 852 1544; x_wconf 91' lang='lat' dir='ltr'>ad</span> <span class='ocrx_word' id='word_1_103' title='bbox 867 1496 1014 1546; x_wconf 89' lang='lat' dir='ltr'>octavam</span> <span class='ocrx_word' id='word_1_104' title='bbox 1030 1482 1139 1545; x_wconf 88' lang='lat' dir='ltr'>Vitam</span> <span class='ocrx_word' id='word_1_105' title='bbox 1154 1483 1268 1556; x_wconf 91' lang='lat' dir='ltr'>redire,</span> <span class='ocrx_word' id='word_1_106' title='bbox 1283 1503 1366 1560; x_wconf 87' lang='lat' dir='ltr'>quae</span> 
     </span>
     <span class='ocr_line' id='line_1_14' title="bbox 200 1578 1366 1656; baseline -0.003 -14"><span class='ocrx_word' id='word_1_107' title='bbox 200 1603 274 1643; x_wconf 91' lang='lat' dir='ltr'>cum</span> <span class='ocrx_word' id='word_1_108' title='bbox 296 1583 335 1642; x_wconf 87' lang='lat' dir='ltr'>de</span> <span class='ocrx_word' id='word_1_109' title='bbox 357 1581 460 1642; x_wconf 84' lang='lat' dir='ltr'>exsilii</span> <span class='ocrx_word' id='word_1_110' title='bbox 481 1595 611 1645; x_wconf 88' lang='lat' dir='ltr'>auctore</span> <span class='ocrx_word' id='word_1_111' title='bbox 627 1601 699 1642; x_wconf 89' lang='lat' dir='ltr'>cum</span> <span class='ocrx_word' id='word_1_112' title='bbox 720 1582 863 1641; x_wconf 89' lang='lat' dir='ltr'>secunda</span> <span class='ocrx_word' id='word_1_113' title='bbox 884 1592 915 1641; x_wconf 93' lang='lat' dir='ltr'>et</span> <span class='ocrx_word' id='word_1_114' title='bbox 941 1592 1054 1656; x_wconf 88' lang='lat' dir='ltr'>quarta</span> <span class='ocrx_word' id='word_1_115' title='bbox 1075 1580 1268 1652; x_wconf 83' lang='lat' dir='ltr'>consentiat,</span> <span class='ocrx_word' id='word_1_116' title='bbox 1286 1578 1366 1639; x_wconf 92' lang='lat' dir='ltr'>Tar-</span> 
     </span>
     <span class='ocr_line' id='line_1_15' title="bbox 199 1675 1364 1753; baseline -0.004 -13"><span class='ocrx_word' id='word_1_117' title='bbox 199 1692 288 1740; x_wconf 90' lang='lat' dir='ltr'>tarae</span> <span class='ocrx_word' id='word_1_118' title='bbox 308 1677 528 1741; x_wconf 87' lang='lat' dir='ltr'>firmissimum</span> <span class='ocrx_word' id='word_1_119' title='bbox 557 1691 779 1753; x_wconf 83' lang='lat' dir='ltr'>argumentum</span> <span class='ocrx_word' id='word_1_120' title='bbox 802 1675 913 1737; x_wconf 88' lang='lat' dir='ltr'>afferre</span> <span class='ocrx_word' id='word_1_121' title='bbox 933 1675 1073 1749; x_wconf 88' lang='lat' dir='ltr'>videtur,</span> <span class='ocrx_word' id='word_1_122' title='bbox 1098 1697 1155 1738; x_wconf 93' lang='lat' dir='ltr'>cur</span> <span class='ocrx_word' id='word_1_123' title='bbox 1182 1675 1364 1739; x_wconf 87' lang='lat' dir='ltr'>Iuvenalem</span> 
     </span>
     <span class='ocr_line' id='line_1_16' title="bbox 200 1772 1361 1850; baseline -0.002 -13"><span class='ocrx_word' id='word_1_124' title='bbox 200 1796 218 1837; x_wconf 89' lang='lat' dir='ltr'>a</span> <span class='ocrx_word' id='word_1_125' title='bbox 232 1774 419 1842; x_wconf 87' lang='lat' dir='ltr'>Domitiano</span> <span class='ocrx_word' id='word_1_126' title='bbox 441 1775 473 1835; x_wconf 92' lang='lat' dir='ltr'>in</span> <span class='ocrx_word' id='word_1_127' title='bbox 488 1774 635 1836; x_wconf 85' lang='lat' dir='ltr'>exsilium</span> <span class='ocrx_word' id='word_1_128' title='bbox 650 1776 857 1836; x_wconf 90' lang='lat' dir='ltr'>amandatum</span> <span class='ocrx_word' id='word_1_129' title='bbox 870 1772 972 1836; x_wconf 90' lang='lat' dir='ltr'>fuisse</span> <span class='ocrx_word' id='word_1_130' title='bbox 986 1775 1167 1836; x_wconf 84' lang='lat' dir='ltr'>credamus.</span> <span class='ocrx_word' id='word_1_131' title='bbox 1185 1773 1361 1850; x_wconf 83' lang='lat' dir='ltr'>Egregium</span> 
     </span>
     <span class='ocr_line' id='line_1_17' title="bbox 199 1869 1363 1950; baseline -0.003 -17"><span class='ocrx_word' id='word_1_132' title='bbox 199 1891 278 1934; x_wconf 90' lang='lat' dir='ltr'>vero</span> <span class='ocrx_word' id='word_1_133' title='bbox 305 1871 493 1935; x_wconf 87' lang='lat' dir='ltr'>eruditionis</span> <span class='ocrx_word' id='word_1_134' title='bbox 523 1872 687 1950; x_wconf 89' lang='lat' dir='ltr'>specimen</span> <span class='ocrx_word' id='word_1_135' title='bbox 712 1871 880 1948; x_wconf 87' lang='lat' dir='ltr'>proposuit</span> <span class='ocrx_word' id='word_1_136' title='bbox 916 1871 1121 1937; x_wconf 80' lang='lat' dir='ltr'>adversarius</span> <span class='ocrx_word' id='word_1_137' title='bbox 1153 1890 1262 1944; x_wconf 89' lang='lat' dir='ltr'>meus,</span> <span class='ocrx_word' id='word_1_138' title='bbox 1297 1869 1363 1948; x_wconf 91' lang='lat' dir='ltr'>qui,</span> 
     </span>
     <span class='ocr_line' id='line_1_18' title="bbox 201 1966 1364 2046; baseline -0.003 -14"><span class='ocrx_word' id='word_1_139' title='bbox 201 1989 273 2032; x_wconf 90' lang='lat' dir='ltr'>cum</span> <span class='ocrx_word' id='word_1_140' title='bbox 295 1988 330 2030; x_wconf 91' lang='lat' dir='ltr'>se</span> <span class='ocrx_word' id='word_1_141' title='bbox 352 1970 491 2046; x_wconf 86' lang='lat' dir='ltr'>gaudere</span> <span class='ocrx_word' id='word_1_142' title='bbox 512 1966 714 2046; x_wconf 89' lang='lat' dir='ltr'>profiteatur,</span> <span class='ocrx_word' id='word_1_143' title='bbox 738 1969 827 2044; x_wconf 89' lang='lat' dir='ltr'>quod</span> <span class='ocrx_word' id='word_1_144' title='bbox 855 1966 955 2029; x_wconf 90' lang='lat' dir='ltr'>multa</span> <span class='ocrx_word' id='word_1_145' title='bbox 982 1967 1166 2030; x_wconf 85' lang='lat' dir='ltr'>criticorum</span> <span class='ocrx_word' id='word_1_146' title='bbox 1194 1986 1293 2044; x_wconf 90' lang='lat' dir='ltr'>opera</span> <span class='ocrx_word' id='word_1_147' title='bbox 1323 1969 1364 2028; x_wconf 91' lang='lat' dir='ltr'>ad</span> 
     </span>
     <span class='ocr_line' id='line_1_19' title="bbox 200 2063 1363 2137; baseline -0.002 -11"><span class='ocrx_word' id='word_1_148' title='bbox 200 2066 505 2129; x_wconf 90' lang='lat' dir='ltr'>commentationem</span> <span class='ocrx_word' id='word_1_149' title='bbox 520 2085 625 2126; x_wconf 90' lang='lat' dir='ltr'>meam</span> <span class='ocrx_word' id='word_1_150' title='bbox 647 2066 839 2126; x_wconf 85' lang='lat' dir='ltr'>exarandam</span> <span class='ocrx_word' id='word_1_151' title='bbox 856 2063 1067 2137; x_wconf 81' lang='lat' dir='ltr'>adhibuerim,</span> <span class='ocrx_word' id='word_1_152' title='bbox 1084 2084 1136 2125; x_wconf 91' lang='lat' dir='ltr'>me</span> <span class='ocrx_word' id='word_1_153' title='bbox 1151 2063 1259 2127; x_wconf 85' lang='lat' dir='ltr'>Vitam</span> <span class='ocrx_word' id='word_1_154' title='bbox 1273 2063 1363 2125; x_wconf 90' lang='lat' dir='ltr'>illam</span> 
     </span>
     <span class='ocr_line' id='line_1_20' title="bbox 201 2160 1364 2239; baseline -0.001 -16"><span class='ocrx_word' id='word_1_155' title='bbox 201 2161 365 2238; x_wconf 88' lang='lat' dir='ltr'>cognitam</span> <span class='ocrx_word' id='word_1_156' title='bbox 386 2182 451 2224; x_wconf 92' lang='lat' dir='ltr'>non</span> <span class='ocrx_word' id='word_1_157' title='bbox 473 2161 628 2224; x_wconf 88' lang='lat' dir='ltr'>habuisse</span> <span class='ocrx_word' id='word_1_158' title='bbox 643 2161 816 2223; x_wconf 88' lang='lat' dir='ltr'>demiretur</span> <span class='ocrx_word' id='word_1_159' title='bbox 825 2160 879 2239; x_wconf 75' lang='lat' dir='ltr'>(all</span> <span class='ocrx_word' id='word_1_160' title='bbox 890 2161 1064 2232; x_wconf 87' lang='lat' dir='ltr'>Enimvero</span> <span class='ocrx_word' id='word_1_161' title='bbox 1083 2161 1191 2222; x_wconf 89' lang='lat' dir='ltr'>mirari</span> <span class='ocrx_word' id='word_1_162' title='bbox 1208 2181 1269 2237; x_wconf 89' lang='lat' dir='ltr'>ego</span> <span class='ocrx_word' id='word_1_163' title='bbox 1284 2160 1364 2223; x_wconf 88' lang='lat' dir='ltr'>satis</span> 
     </span>
     <span class='ocr_line' id='line_1_21' title="bbox 200 2256 1366 2336; baseline -0.001 -18"><span class='ocrx_word' id='word_1_164' title='bbox 200 2279 325 2336; x_wconf 89' lang='lat' dir='ltr'>nequeo</span> <span class='ocrx_word' id='word_1_165' title='bbox 340 2279 406 2320; x_wconf 93' lang='lat' dir='ltr'>non</span> <span class='ocrx_word' id='word_1_166' title='bbox 420 2258 549 2336; x_wconf 84' lang='lat' dir='ltr'>&#39;legisse</span> <span class='ocrx_word' id='word_1_167' title='bbox 564 2258 724 2321; x_wconf 89' lang='lat' dir='ltr'>eruditum</span> <span class='ocrx_word' id='word_1_168' title='bbox 738 2257 901 2320; x_wconf 90' lang='lat' dir='ltr'>hominem</span> <span class='ocrx_word' id='word_1_169' title='bbox 923 2277 1005 2335; x_wconf 88' lang='lat' dir='ltr'>quae</span> <span class='ocrx_word' id='word_1_170' title='bbox 1021 2257 1150 2334; x_wconf 88' lang='lat' dir='ltr'>scripsit</span> <span class='ocrx_word' id='word_1_171' title='bbox 1172 2256 1366 2319; x_wconf 87' lang='lat' dir='ltr'>Franciscus</span> 
     </span>
     <span class='ocr_line' id='line_1_22' title="bbox 200 2353 1368 2433; baseline -0.004 -14"><span class='ocrx_word' id='word_1_172' title='bbox 200 2355 366 2429; x_wconf 88' lang='lat' dir='ltr'>Ruehlius,</span> <span class='ocrx_word' id='word_1_173' title='bbox 391 2355 445 2433; x_wconf 90' lang='lat' dir='ltr'>qui</span> <span class='ocrx_word' id='word_1_174' title='bbox 465 2358 605 2433; x_wconf 89' lang='lat' dir='ltr'>primum</span> <span class='ocrx_word' id='word_1_175' title='bbox 626 2356 734 2418; x_wconf 89' lang='lat' dir='ltr'>Vitam</span> <span class='ocrx_word' id='word_1_176' title='bbox 756 2355 865 2428; x_wconf 89' lang='lat' dir='ltr'>edidit,</span> <span class='ocrx_word' id='word_1_177' title='bbox 889 2354 922 2415; x_wconf 91' lang='lat' dir='ltr'>in</span> <span class='ocrx_word' id='word_1_178' title='bbox 942 2353 1022 2432; x_wconf 88' lang='lat' dir='ltr'>ipsis</span> <span class='ocrx_word' id='word_1_179' title='bbox 1037 2353 1240 2416; x_wconf 86' lang='lat' dir='ltr'>Fleckeiseni</span> <span class='ocrx_word' id='word_1_180' title='bbox 1260 2354 1368 2414; x_wconf 83' lang='lat' dir='ltr'>Anna·</span> 
     </span>
     <span class='ocr_line' id='line_1_23' title="bbox 201 2450 1364 2532; baseline -0.003 -19"><span class='ocrx_word' id='word_1_181' title='bbox 201 2452 285 2514; x_wconf 89' lang='lat' dir='ltr'>libus</span> <span class='ocrx_word' id='word_1_182' title='bbox 307 2473 390 2530; x_wconf 92' lang='lat' dir='ltr'>quos</span> <span class='ocrx_word' id='word_1_183' title='bbox 412 2454 521 2516; x_wconf 89' lang='lat' dir='ltr'>laudat</span> <span class='ocrx_word' id='word_1_184' title='bbox 542 2452 675 2516; x_wconf 90' lang='lat' dir='ltr'>Tartara</span> <span class='ocrx_word' id='word_1_185' title='bbox 696 2450 753 2532; x_wconf 84' lang='lat'>(3).</span> <span class='ocrx_word' id='word_1_186' title='bbox 776 2451 848 2513; x_wconf 90' lang='lat' dir='ltr'>Nisi</span> <span class='ocrx_word' id='word_1_187' title='bbox 869 2450 951 2514; x_wconf 87' lang='lat' dir='ltr'>forte</span> <span class='ocrx_word' id='word_1_188' title='bbox 971 2451 1164 2514; x_wconf 89' lang='lat' dir='ltr'>recentiores</span> <span class='ocrx_word' id='word_1_189' title='bbox 1194 2464 1364 2528; x_wconf 91' lang='lat' dir='ltr'>poetarum</span> 
     </span>
    </p>
   </div>
   <div class='ocr_carea' id='block_1_3' title="bbox 199 2547 1440 2919">
    <p class='ocr_par' dir='ltr' id='par_1_3' title="bbox 199 2547 1440 2919">
     <span class='ocr_line' id='line_1_24' title="bbox 199 2547 1440 2631; baseline -0.002 -21"><span class='ocrx_word' id='word_1_190' title='bbox 199 2570 407 2612; x_wconf 91' lang='lat' dir='ltr'>romanorum</span> <span class='ocrx_word' id='word_1_191' title='bbox 428 2549 618 2628; x_wconf 89' lang='lat' dir='ltr'>interpretes</span> <span class='ocrx_word' id='word_1_192' title='bbox 633 2549 676 2628; x_wconf 86' lang='lat'>(4)</span> <span class='ocrx_word' id='word_1_193' title='bbox 697 2550 876 2626; x_wconf 90' lang='lat' dir='ltr'>locupletes</span> <span class='ocrx_word' id='word_1_194' title='bbox 892 2547 1170 2625; x_wconf 82' lang='lat' dir='ltr'>gravissimosque</span> <span class='ocrx_word' id='word_1_195' title='bbox 1192 2561 1304 2620; x_wconf 86' lang='lat' dir='ltr'>testes,</span> <span class='ocrx_word' id='word_1_196' title='bbox 1323 2549 1365 2609; x_wconf 92' lang='lat' dir='ltr'>ad</span> <span class='ocrx_word' id='word_1_197' title='bbox 1438 2627 1440 2631; x_wconf 9' lang='grc' dir='ltr'><strong>Α</strong></span> 
     </span>
     <span class='ocr_line' id='line_1_25' title="bbox 199 2645 1367 2731; baseline -0.001 -24"><span class='ocrx_word' id='word_1_198' title='bbox 199 2667 309 2731; x_wconf 86' lang='lat' dir='ltr'>eorum</span> <span class='ocrx_word' id='word_1_199' title='bbox 329 2648 412 2709; x_wconf 89' lang='lat' dir='ltr'>vitas</span> <span class='ocrx_word' id='word_1_200' title='bbox 435 2648 522 2725; x_wconf 92' lang='lat' dir='ltr'>quod</span> <span class='ocrx_word' id='word_1_201' title='bbox 544 2646 667 2719; x_wconf 87' lang='lat' dir='ltr'>attinet,</span> <span class='ocrx_word' id='word_1_202' title='bbox 692 2646 861 2719; x_wconf 85' lang='lat' dir='ltr'>aestimare</span> <span class='ocrx_word' id='word_1_203' title='bbox 881 2646 1043 2720; x_wconf 90' lang='lat' dir='ltr'>volumus,</span> <span class='ocrx_word' id='word_1_204' title='bbox 1068 2645 1164 2708; x_wconf 88' lang='lat' dir='ltr'>etiam</span> <span class='ocrx_word' id='word_1_205' title='bbox 1187 2665 1259 2707; x_wconf 90' lang='lat' dir='ltr'>cum</span> <span class='ocrx_word' id='word_1_206' title='bbox 1279 2646 1367 2722; x_wconf 90' lang='lat' dir='ltr'>quod</span> 
     </span>
     <span class='ocr_line' id='line_1_26' title="bbox 199 2742 1365 2822; baseline -0.001 -18"><span class='ocrx_word' id='word_1_207' title='bbox 199 2764 309 2806; x_wconf 88' lang='lat' dir='ltr'>verum</span> <span class='ocrx_word' id='word_1_208' title='bbox 330 2743 510 2822; x_wconf 87' lang='lat' dir='ltr'>falsumque</span> <span class='ocrx_word' id='word_1_209' title='bbox 532 2745 574 2806; x_wconf 90' lang='lat' dir='ltr'>sit</span> <span class='ocrx_word' id='word_1_210' title='bbox 603 2744 786 2806; x_wconf 90' lang='lat' dir='ltr'>discernere</span> <span class='ocrx_word' id='word_1_211' title='bbox 807 2743 989 2805; x_wconf 87' lang='lat' dir='ltr'>nescientes</span> <span class='ocrx_word' id='word_1_212' title='bbox 1011 2742 1139 2806; x_wconf 89' lang='lat' dir='ltr'>fabulas</span> <span class='ocrx_word' id='word_1_213' title='bbox 1161 2764 1180 2804; x_wconf 92' lang='lat' dir='ltr'>a</span> <span class='ocrx_word' id='word_1_214' title='bbox 1200 2742 1365 2806; x_wconf 90' lang='lat' dir='ltr'>veteribus</span> 
     </span>
     <span class='ocr_line' id='line_1_27' title="bbox 200 2839 1370 2919; baseline -0.003 -13"><span class='ocrx_word' id='word_1_215' title='bbox 200 2840 333 2906; x_wconf 89' lang='lat' dir='ltr'>traditas</span> <span class='ocrx_word' id='word_1_216' title='bbox 354 2842 536 2905; x_wconf 90' lang='lat' dir='ltr'>inconsulte</span> <span class='ocrx_word' id='word_1_217' title='bbox 557 2845 718 2919; x_wconf 89' lang='lat' dir='ltr'>repetant!</span> <span class='ocrx_word' id='word_1_218' title='bbox 744 2839 815 2902; x_wconf 89' lang='lat' dir='ltr'>Fuit</span> <span class='ocrx_word' id='word_1_219' title='bbox 837 2842 967 2917; x_wconf 89' lang='lat' dir='ltr'>quidem</span> <span class='ocrx_word' id='word_1_220' title='bbox 988 2840 1067 2900; x_wconf 91' lang='lat' dir='ltr'>mihi</span> <span class='ocrx_word' id='word_1_221' title='bbox 1088 2843 1121 2901; x_wconf 90' lang='lat' dir='ltr'>in</span> <span class='ocrx_word' id='word_1_222' title='bbox 1142 2839 1291 2902; x_wconf 90' lang='lat' dir='ltr'>manibus</span> <span class='ocrx_word' id='word_1_223' title='bbox 1314 2861 1370 2902; x_wconf 87' lang='lat' dir='ltr'>co-</span> 
     </span>
    </p>
   </div>
   <div class='ocr_carea' id='block_1_4' title="bbox 132 3112 1370 4374">
    <p class='ocr_par' dir='ltr' id='par_1_4' title="bbox 201 3112 1369 3352">
     <span class='ocr_line' id='line_1_28' title="bbox 235 3112 1369 3194; baseline -0.004 -25"><span class='ocrx_word' id='word_1_224' title='bbox 235 3113 271 3182; x_wconf 79' lang='lat'>(1)</span> <span class='ocrx_word' id='word_1_225' title='bbox 293 3134 305 3167; x_wconf 79' lang='lat' dir='ltr'>u</span> <span class='ocrx_word' id='word_1_226' title='bbox 323 3113 345 3166; x_wconf 92' lang='lat' dir='ltr'>il</span> <span class='ocrx_word' id='word_1_227' title='bbox 362 3112 498 3194; x_wconf 67' lang='lat' dir='ltr'>richiamo</span> <span class='ocrx_word' id='word_1_228' title='bbox 516 3112 595 3182; x_wconf 81' lang='lat' dir='ltr'>degli</span> <span class='ocrx_word' id='word_1_229' title='bbox 612 3112 684 3168; x_wconf 84' lang='lat' dir='ltr'>esuli</span> <span class='ocrx_word' id='word_1_230' title='bbox 702 3129 826 3184; x_wconf 79' lang='lat' dir='ltr'>arvenna</span> <span class='ocrx_word' id='word_1_231' title='bbox 843 3114 937 3184; x_wconf 84' lang='lat' dir='ltr'>prima</span> <span class='ocrx_word' id='word_1_232' title='bbox 948 3113 999 3167; x_wconf 86' lang='lat' dir='ltr'>cha</span> <span class='ocrx_word' id='word_1_233' title='bbox 1009 3113 1144 3168; x_wconf 78' lang='lat' dir='ltr'>Martiale</span> <span class='ocrx_word' id='word_1_234' title='bbox 1155 3113 1369 3167; x_wconf 84' lang='lat' dir='ltr'>abbandonasse</span> 
     </span>
     <span class='ocr_line' id='line_1_29' title="bbox 201 3185 1369 3269; baseline -0.002 -17"><span class='ocrx_word' id='word_1_235' title='bbox 201 3197 290 3253; x_wconf 79' lang='lat' dir='ltr'>Roma</span> <span class='ocrx_word' id='word_1_236' title='bbox 308 3216 357 3268; x_wconf 86' lang='lat' dir='ltr'>per</span> <span class='ocrx_word' id='word_1_237' title='bbox 374 3199 514 3252; x_wconf 87' lang='lat' dir='ltr'>ritornars</span> <span class='ocrx_word' id='word_1_238' title='bbox 534 3196 563 3250; x_wconf 90' lang='lat' dir='ltr'>in</span> <span class='ocrx_word' id='word_1_239' title='bbox 585 3198 723 3268; x_wconf 77' lang='lat' dir='ltr'>Inpagna3</span> <span class='ocrx_word' id='word_1_240' title='bbox 743 3199 841 3269; x_wconf 89' lang='lat' dir='ltr'>quindi</span> <span class='ocrx_word' id='word_1_241' title='bbox 859 3199 879 3253; x_wconf 93' lang='lat' dir='ltr'>il</span> <span class='ocrx_word' id='word_1_242' title='bbox 893 3204 974 3269; x_wconf 87' lang='lat' dir='ltr'>poeta</span> <span class='ocrx_word' id='word_1_243' title='bbox 985 3185 1141 3268; x_wconf 83' lang='lat' dir='ltr'>spagnuolo</span> <span class='ocrx_word' id='word_1_244' title='bbox 1153 3201 1207 3266; x_wconf 82' lang='lat' dir='ltr'>puo</span> <span class='ocrx_word' id='word_1_245' title='bbox 1219 3213 1284 3251; x_wconf 89' lang='lat' dir='ltr'>aver</span> <span class='ocrx_word' id='word_1_246' title='bbox 1295 3197 1369 3251; x_wconf 84' lang='lat' dir='ltr'>fatto</span> 
     </span>
     <span class='ocr_line' id='line_1_30' title="bbox 202 3283 656 3352; baseline 0.004 -15"><span class='ocrx_word' id='word_1_247' title='bbox 202 3300 220 3337; x_wconf 97' lang='lat' dir='ltr'>a</span> <span class='ocrx_word' id='word_1_248' title='bbox 236 3299 302 3338; x_wconf 88' lang='lat' dir='ltr'>voca</span> <span class='ocrx_word' id='word_1_249' title='bbox 318 3283 346 3336; x_wconf 88' lang='lat' dir='ltr'>le</span> <span class='ocrx_word' id='word_1_250' title='bbox 363 3299 412 3337; x_wconf 86' lang='lat' dir='ltr'>sue</span> <span class='ocrx_word' id='word_1_251' title='bbox 431 3284 614 3352; x_wconf 72' lang='lat' dir='ltr'>convenience</span> <span class='ocrx_word' id='word_1_252' title='bbox 632 3302 656 3339; x_wconf 70' lang='lat' dir='ltr'>a.</span> 
     </span>
    </p>

    <p class='ocr_par' dir='ltr' id='par_1_5' title="bbox 199 3365 1367 3862">
     <span class='ocr_line' id='line_1_31' title="bbox 234 3365 1366 3438; baseline -0.004 -15"><span class='ocrx_word' id='word_1_253' title='bbox 234 3369 270 3436; x_wconf 81' lang='grc'>(2)</span> <span class='ocrx_word' id='word_1_254' title='bbox 293 3387 306 3419; x_wconf 89' lang='lat'>«</span> <span class='ocrx_word' id='word_1_255' title='bbox 324 3369 419 3421; x_wconf 88' lang='lat' dir='ltr'>Siamo</span> <span class='ocrx_word' id='word_1_256' title='bbox 446 3367 506 3423; x_wconf 82' lang='lat' dir='ltr'>listi</span> <span class='ocrx_word' id='word_1_257' title='bbox 524 3368 552 3420; x_wconf 90' lang='lat' dir='ltr'>di</span> <span class='ocrx_word' id='word_1_258' title='bbox 570 3369 668 3424; x_wconf 82' lang='lat' dir='ltr'>vedere</span> <span class='ocrx_word' id='word_1_259' title='bbox 685 3369 737 3423; x_wconf 87' lang='lat' dir='ltr'>eho</span> <span class='ocrx_word' id='word_1_260' title='bbox 754 3369 782 3422; x_wconf 95' lang='lat' dir='ltr'>lo</span> <span class='ocrx_word' id='word_1_261' title='bbox 800 3368 938 3438; x_wconf 78' lang='lat' dir='ltr'>stampini</span> <span class='ocrx_word' id='word_1_262' title='bbox 959 3369 1085 3423; x_wconf 78' lang='lat' dir='ltr'>consulto</span> <span class='ocrx_word' id='word_1_263' title='bbox 1103 3369 1184 3423; x_wconf 90' lang='lat' dir='ltr'>molti</span> <span class='ocrx_word' id='word_1_264' title='bbox 1202 3367 1291 3422; x_wconf 84' lang='lat' dir='ltr'>lavori</span> <span class='ocrx_word' id='word_1_265' title='bbox 1310 3365 1366 3419; x_wconf 86' lang='lat' dir='ltr'>ori·</span> 
     </span>
     <span class='ocr_line' id='line_1_32' title="bbox 200 3451 1367 3524; baseline -0.003 -17"><span class='ocrx_word' id='word_1_266' title='bbox 200 3453 261 3520; x_wconf 85' lang='lat' dir='ltr'>tici,</span> <span class='ocrx_word' id='word_1_267' title='bbox 280 3469 328 3507; x_wconf 86' lang='lat' dir='ltr'>ma</span> <span class='ocrx_word' id='word_1_268' title='bbox 345 3453 369 3507; x_wconf 88' lang='lat' dir='ltr'>ei</span> <span class='ocrx_word' id='word_1_269' title='bbox 389 3455 499 3507; x_wconf 86' lang='lat' dir='ltr'>sembra</span> <span class='ocrx_word' id='word_1_270' title='bbox 517 3453 619 3508; x_wconf 86' lang='lat' dir='ltr'>lacuna</span> <span class='ocrx_word' id='word_1_271' title='bbox 635 3458 735 3523; x_wconf 87' lang='lat' dir='ltr'>troppo</span> <span class='ocrx_word' id='word_1_272' title='bbox 752 3469 838 3522; x_wconf 84' lang='lat' dir='ltr'>grava</span> <span class='ocrx_word' id='word_1_273' title='bbox 856 3461 965 3524; x_wconf 83' lang='lat' dir='ltr'>questa,</span> <span class='ocrx_word' id='word_1_274' title='bbox 985 3453 1036 3506; x_wconf 83' lang='lat' dir='ltr'>che</span> <span class='ocrx_word' id='word_1_275' title='bbox 1055 3453 1200 3508; x_wconf 84' lang='lat' dir='ltr'>trattando</span> <span class='ocrx_word' id='word_1_276' title='bbox 1218 3452 1291 3504; x_wconf 85' lang='lat' dir='ltr'>dalla</span> <span class='ocrx_word' id='word_1_277' title='bbox 1300 3451 1367 3505; x_wconf 83' lang='lat' dir='ltr'>Vita</span> 
     </span>
     <span class='ocr_line' id='line_1_33' title="bbox 200 3535 1367 3606; baseline -0.005 -15"><span class='ocrx_word' id='word_1_278' title='bbox 200 3537 227 3591; x_wconf 92' lang='lat' dir='ltr'>di</span> <span class='ocrx_word' id='word_1_279' title='bbox 255 3536 405 3592; x_wconf 80' lang='lat' dir='ltr'>(iiovenalo</span> <span class='ocrx_word' id='word_1_280' title='bbox 433 3537 491 3606; x_wconf 86' lang='lat' dir='ltr'>agli</span> <span class='ocrx_word' id='word_1_281' title='bbox 519 3554 573 3592; x_wconf 90' lang='lat' dir='ltr'>non</span> <span class='ocrx_word' id='word_1_282' title='bbox 601 3537 681 3592; x_wconf 88' lang='lat' dir='ltr'>abbia</span> <span class='ocrx_word' id='word_1_283' title='bbox 707 3541 870 3593; x_wconf 86' lang='lat' dir='ltr'>conosciuto</span> <span class='ocrx_word' id='word_1_284' title='bbox 900 3539 927 3591; x_wconf 88' lang='lat' dir='ltr'>la</span> <span class='ocrx_word' id='word_1_285' title='bbox 955 3538 1021 3592; x_wconf 84' lang='lat' dir='ltr'>Vita</span> <span class='ocrx_word' id='word_1_286' title='bbox 1047 3540 1159 3593; x_wconf 84' lang='lat' dir='ltr'>trovata</span> <span class='ocrx_word' id='word_1_287' title='bbox 1186 3536 1232 3590; x_wconf 88' lang='lat' dir='ltr'>nsl</span> <span class='ocrx_word' id='word_1_288' title='bbox 1253 3535 1317 3589; x_wconf 82' lang='grc'><strong>1874</strong></span> <span class='ocrx_word' id='word_1_289' title='bbox 1339 3553 1367 3594; x_wconf 78' lang='lat' dir='ltr'>n,</span> 
     </span>
     <span class='ocr_line' id='line_1_34' title="bbox 199 3619 1367 3692; baseline -0.002 -16"><span class='ocrx_word' id='word_1_290' title='bbox 199 3621 291 3691; x_wconf 85' lang='lat' dir='ltr'>Supra</span> <span class='ocrx_word' id='word_1_291' title='bbox 308 3626 401 3676; x_wconf 84' lang='lat' dir='ltr'>autem</span> <span class='ocrx_word' id='word_1_292' title='bbox 423 3641 436 3673; x_wconf 76' lang='lat' dir='ltr'>r&lt;</span> <span class='ocrx_word' id='word_1_293' title='bbox 455 3623 500 3676; x_wconf 89' lang='lat' dir='ltr'>nel</span> <span class='ocrx_word' id='word_1_294' title='bbox 521 3623 585 3678; x_wconf 88' lang='grc'>1874</span> <span class='ocrx_word' id='word_1_295' title='bbox 603 3639 637 3676; x_wconf 85' lang='lat' dir='ltr'>ns</span> <span class='ocrx_word' id='word_1_296' title='bbox 656 3623 685 3677; x_wconf 83' lang='lat' dir='ltr'>lu</span> <span class='ocrx_word' id='word_1_297' title='bbox 698 3623 859 3692; x_wconf 85' lang='lat' dir='ltr'>pubblicata</span> <span class='ocrx_word' id='word_1_298' title='bbox 870 3625 915 3676; x_wconf 84' lang='lat' dir='ltr'>ne’</span> <span class='ocrx_word' id='word_1_299' title='bbox 927 3623 1109 3678; x_wconf 79' lang='lat' dir='ltr'>Iahrbticher</span> <span class='ocrx_word' id='word_1_300' title='bbox 1135 3622 1180 3675; x_wconf 85' lang='lat' dir='ltr'>del</span> <span class='ocrx_word' id='word_1_301' title='bbox 1198 3619 1367 3674; x_wconf 76' lang='lat' dir='ltr'>Fleckeisen</span> 
     </span>
     <span class='ocr_line' id='line_1_35' title="bbox 200 3705 1366 3777; baseline -0.002 -17"><span class='ocrx_word' id='word_1_302' title='bbox 200 3724 226 3777; x_wconf 87' lang='lat' dir='ltr'>p.</span> <span class='ocrx_word' id='word_1_303' title='bbox 241 3705 294 3760; x_wconf 89' lang='grc'>869</span> <span class='ocrx_word' id='word_1_304' title='bbox 317 3723 354 3760; x_wconf 90' lang='lat' dir='ltr'>un</span> <span class='ocrx_word' id='word_1_305' title='bbox 368 3711 462 3762; x_wconf 84' lang='lat' dir='ltr'>ottava</span> <span class='ocrx_word' id='word_1_306' title='bbox 478 3712 590 3761; x_wconf 82' lang='lat' dir='ltr'>trovata</span> <span class='ocrx_word' id='word_1_307' title='bbox 607 3708 637 3760; x_wconf 92' lang='lat' dir='ltr'>in</span> <span class='ocrx_word' id='word_1_308' title='bbox 654 3723 693 3761; x_wconf 90' lang='lat' dir='ltr'>un</span> <span class='ocrx_word' id='word_1_309' title='bbox 711 3708 804 3762; x_wconf 83' lang='lat' dir='ltr'>codice</span> <span class='ocrx_word' id='word_1_310' title='bbox 821 3709 866 3762; x_wconf 84' lang='lat' dir='ltr'>dal</span> <span class='ocrx_word' id='word_1_311' title='bbox 884 3709 1000 3762; x_wconf 82' lang='lat' dir='ltr'>Britc&#39;sh</span> <span class='ocrx_word' id='word_1_312' title='bbox 1017 3723 1160 3774; x_wconf 80' lang='lat' dir='ltr'>museum,</span> <span class='ocrx_word' id='word_1_313' title='bbox 1171 3722 1217 3760; x_wconf 86' lang='lat' dir='ltr'>ma</span> <span class='ocrx_word' id='word_1_314' title='bbox 1229 3705 1250 3759; x_wconf 94' lang='lat' dir='ltr'>il</span> <span class='ocrx_word' id='word_1_315' title='bbox 1266 3707 1366 3773; x_wconf 85' lang='lat' dir='ltr'>signor</span> 
     </span>
     <span class='ocr_line' id='line_1_36' title="bbox 199 3790 662 3862; baseline -0.006 -16"><span class='ocrx_word' id='word_1_316' title='bbox 199 3791 336 3862; x_wconf 83' lang='lat' dir='ltr'>Stampini</span> <span class='ocrx_word' id='word_1_317' title='bbox 355 3808 409 3846; x_wconf 88' lang='lat' dir='ltr'>non</span> <span class='ocrx_word' id='word_1_318' title='bbox 427 3790 455 3845; x_wconf 85' lang='lat' dir='ltr'>la</span> <span class='ocrx_word' id='word_1_319' title='bbox 473 3793 595 3847; x_wconf 86' lang='lat' dir='ltr'>conobbe</span> <span class='ocrx_word' id='word_1_320' title='bbox 613 3812 640 3846; x_wconf 81' lang='lat' dir='ltr'>n.</span> <span class='ocrx_word' id='word_1_321' title='bbox 660 3841 662 3843; x_wconf 83' lang='lat'>.</span> 
     </span>
    </p>

    <p class='ocr_par' dir='ltr' id='par_1_6' title="bbox 200 3864 1366 4030">
     <span class='ocr_line' id='line_1_37' title="bbox 234 3864 1366 3946; baseline -0.002 -14"><span class='ocrx_word' id='word_1_322' title='bbox 234 3877 270 3946; x_wconf 77' lang='lat'>(3)</span> <span class='ocrx_word' id='word_1_323' title='bbox 292 3897 305 3930; x_wconf 81' lang='lat' dir='ltr'>t</span> <span class='ocrx_word' id='word_1_324' title='bbox 322 3877 407 3931; x_wconf 84' lang='lat' dir='ltr'>codex</span> <span class='ocrx_word' id='word_1_325' title='bbox 426 3875 598 3932; x_wconf 87' lang='lat' dir='ltr'>Harlsianus</span> <span class='ocrx_word' id='word_1_326' title='bbox 616 3876 680 3933; x_wconf 85' lang='lat'>3301</span> <span class='ocrx_word' id='word_1_327' title='bbox 701 3879 793 3933; x_wconf 83' lang='lat' dir='ltr'>chart.</span> <span class='ocrx_word' id='word_1_328' title='bbox 812 3878 860 3932; x_wconf 84' lang='lat' dir='ltr'>iol.</span> <span class='ocrx_word' id='word_1_329' title='bbox 881 3894 954 3932; x_wconf 85' lang='lat' dir='ltr'>saec.</span> <span class='ocrx_word' id='word_1_330' title='bbox 973 3864 1025 3931; x_wconf 87' lang='lat' dir='ltr'>XV</span> <span class='ocrx_word' id='word_1_331' title='bbox 1044 3876 1182 3931; x_wconf 85' lang='lat' dir='ltr'>exeuntis.</span> <span class='ocrx_word' id='word_1_332' title='bbox 1201 3875 1366 3930; x_wconf 71' lang='lat' dir='ltr'>enthaltai·</span> 
     </span>
     <span class='ocr_line' id='line_1_38' title="bbox 200 3960 1364 4030; baseline -0.001 -13"><span class='ocrx_word' id='word_1_333' title='bbox 200 3979 253 4019; x_wconf 82' lang='lat' dir='ltr'>nen</span> <span class='ocrx_word' id='word_1_334' title='bbox 272 3964 446 4018; x_wconf 85' lang='lat' dir='ltr'>commentar</span> <span class='ocrx_word' id='word_1_335' title='bbox 464 3976 498 4016; x_wconf 80' lang='lat' dir='ltr'>au</span> <span class='ocrx_word' id='word_1_336' title='bbox 510 3960 525 4012; x_wconf 84' lang='lat' dir='ltr'>J</span> <span class='ocrx_word' id='word_1_337' title='bbox 529 3963 660 4028; x_wconf 84' lang='lat' dir='ltr'>ureuali,</span> <span class='ocrx_word' id='word_1_338' title='bbox 674 3962 818 4017; x_wconf 86' lang='lat' dir='ltr'>vielleicht</span> <span class='ocrx_word' id='word_1_339' title='bbox 829 3963 874 4016; x_wconf 83' lang='lat' dir='ltr'>ein</span> <span class='ocrx_word' id='word_1_340' title='bbox 884 3961 1119 4016; x_wconf 84' lang='lat' dir='ltr'>humanistischcs</span> <span class='ocrx_word' id='word_1_341' title='bbox 1128 3960 1327 4030; x_wconf 82' lang='lat' dir='ltr'>collegienhclt</span> <span class='ocrx_word' id='word_1_342' title='bbox 1338 3977 1364 4016; x_wconf 82' lang='lat' dir='ltr'>n.</span> 
     </span>
    </p>

    <p class='ocr_par' dir='ltr' id='par_1_7' title="bbox 132 4045 1370 4374">
     <span class='ocr_line' id='line_1_39' title="bbox 232 4045 1367 4118; baseline -0.005 -14"><span class='ocrx_word' id='word_1_343' title='bbox 232 4049 270 4118; x_wconf 74' lang='lat'>(4)</span> <span class='ocrx_word' id='word_1_344' title='bbox 292 4069 305 4097; x_wconf 78' lang='grc' dir='ltr'><strong>α</strong></span> <span class='ocrx_word' id='word_1_345' title='bbox 318 4045 495 4117; x_wconf 84' lang='lat' dir='ltr'>Antiquioris</span> <span class='ocrx_word' id='word_1_346' title='bbox 506 4049 567 4102; x_wconf 85' lang='lat' dir='ltr'>aevi</span> <span class='ocrx_word' id='word_1_347' title='bbox 579 4050 764 4117; x_wconf 83' lang='lat' dir='ltr'>scriptoribus</span> <span class='ocrx_word' id='word_1_348' title='bbox 777 4064 831 4102; x_wconf 89' lang='lat' dir='ltr'>non</span> <span class='ocrx_word' id='word_1_349' title='bbox 850 4046 1087 4102; x_wconf 84' lang='lat' dir='ltr'>adnumerandum</span> <span class='ocrx_word' id='word_1_350' title='bbox 1100 4063 1162 4102; x_wconf 87' lang='lat' dir='ltr'>asso</span> <span class='ocrx_word' id='word_1_351' title='bbox 1179 4047 1301 4100; x_wconf 78' lang='lat' dir='ltr'>arbitror</span> <span class='ocrx_word' id='word_1_352' title='bbox 1314 4061 1367 4099; x_wconf 84' lang='lat' dir='ltr'>au-</span> 
     </span>
     <span class='ocr_line' id='line_1_40' title="bbox 192 4132 1370 4204; baseline -0.005 -16"><span class='ocrx_word' id='word_1_353' title='bbox 192 4136 301 4188; x_wconf 80' lang='lat' dir='ltr'>ctorem</span> <span class='ocrx_word' id='word_1_354' title='bbox 315 4133 463 4188; x_wconf 86' lang='lat' dir='ltr'>Harlsisni</span> <span class='ocrx_word' id='word_1_355' title='bbox 489 4135 519 4188; x_wconf 89' lang='lat' dir='ltr'>in</span> <span class='ocrx_word' id='word_1_356' title='bbox 547 4133 705 4187; x_wconf 82' lang='lat' dir='ltr'>iuvenalem</span> <span class='ocrx_word' id='word_1_357' title='bbox 732 4135 936 4198; x_wconf 84' lang='lat' dir='ltr'>commentarii,</span> <span class='ocrx_word' id='word_1_358' title='bbox 959 4133 1062 4204; x_wconf 86' lang='lat' dir='ltr'>quippo</span> <span class='ocrx_word' id='word_1_359' title='bbox 1079 4132 1127 4202; x_wconf 90' lang='lat' dir='ltr'>qui</span> <span class='ocrx_word' id='word_1_360' title='bbox 1146 4135 1196 4186; x_wconf 90' lang='lat' dir='ltr'>aut</span> <span class='ocrx_word' id='word_1_361' title='bbox 1213 4149 1246 4186; x_wconf 85' lang='lat' dir='ltr'>es</span> <span class='ocrx_word' id='word_1_362' title='bbox 1262 4136 1370 4199; x_wconf 84' lang='lat' dir='ltr'>tempe·</span> 
     </span>
     <span class='ocr_line' id='line_1_41' title="bbox 132 4217 1366 4296; baseline -0.002 -26"><span class='ocrx_word' id='word_1_363' title='bbox 132 4291 134 4296; x_wconf 69' lang='lat'>,</span> <span class='ocrx_word' id='word_1_364' title='bbox 200 4222 269 4273; x_wconf 82' lang='lat' dir='ltr'>stata</span> <span class='ocrx_word' id='word_1_365' title='bbox 295 4217 362 4285; x_wconf 84' lang='lat' dir='ltr'>fuit,</span> <span class='ocrx_word' id='word_1_366' title='bbox 380 4234 451 4290; x_wconf 86' lang='lat' dir='ltr'>qnae</span> <span class='ocrx_word' id='word_1_367' title='bbox 477 4224 593 4289; x_wconf 83' lang='lat' dir='ltr'>propter</span> <span class='ocrx_word' id='word_1_368' title='bbox 619 4222 733 4272; x_wconf 79' lang='lat' dir='ltr'>renatm</span> <span class='ocrx_word' id='word_1_369' title='bbox 752 4217 862 4273; x_wconf 81' lang='lat' dir='ltr'>litteras</span> <span class='ocrx_word' id='word_1_370' title='bbox 881 4219 915 4272; x_wconf 88' lang='lat' dir='ltr'>ab</span> <span class='ocrx_word' id='word_1_371' title='bbox 934 4217 1013 4273; x_wconf 83' lang='lat' dir='ltr'>Italis</span> <span class='ocrx_word' id='word_1_372' title='bbox 1039 4220 1156 4272; x_wconf 85' lang='lat' dir='ltr'>vocatur</span> <span class='ocrx_word' id='word_1_373' title='bbox 1182 4218 1206 4270; x_wconf 84' lang='lat' dir='ltr'>tl</span> <span class='ocrx_word' id='word_1_374' title='bbox 1224 4217 1366 4272; x_wconf 79' lang='lat' dir='ltr'>Rinaaci-</span> 
     </span>
     <span class='ocr_line' id='line_1_42' title="bbox 201 4303 1174 4374; baseline 0 -18"><span class='ocrx_word' id='word_1_375' title='bbox 201 4313 307 4373; x_wconf 82' lang='lat' dir='ltr'>mento,</span> <span class='ocrx_word' id='word_1_376' title='bbox 325 4309 375 4358; x_wconf 86' lang='lat' dir='ltr'>aut</span> <span class='ocrx_word' id='word_1_377' title='bbox 392 4305 492 4374; x_wconf 88' lang='lat' dir='ltr'>paullo</span> <span class='ocrx_word' id='word_1_378' title='bbox 509 4309 575 4360; x_wconf 82' lang='lat' dir='ltr'>ants</span> <span class='ocrx_word' id='word_1_379' title='bbox 592 4303 658 4360; x_wconf 84' lang='lat' dir='ltr'>fuit.</span> <span class='ocrx_word' id='word_1_380' title='bbox 677 4304 735 4359; x_wconf 78' lang='lat' dir='ltr'>Cir.</span> <span class='ocrx_word' id='word_1_381' title='bbox 754 4320 825 4374; x_wconf 84' lang='lat' dir='ltr'>quas</span> <span class='ocrx_word' id='word_1_382' title='bbox 842 4305 917 4358; x_wconf 77' lang='lat' dir='ltr'>intra</span> <span class='ocrx_word' id='word_1_383' title='bbox 934 4304 1131 4358; x_wconf 85' lang='lat' dir='ltr'>adnotabimus</span> <span class='ocrx_word' id='word_1_384' title='bbox 1148 4320 1174 4356; x_wconf 79' lang='lat' dir='ltr'>a.</span> 
     </span>
    </p>
   </div>
   <div class='ocr_carea' id='block_1_5' title="bbox 0 0 1688 5094">
    <p class='ocr_par' dir='ltr' id='par_1_8' title="bbox 0 0 1688 5094">
     <span class='ocr_line' id='line_1_43' title="bbox 0 0 1688 5094; baseline 0 0"><span class='ocrx_word' id='word_1_385' title='bbox 0 0 1688 5094; x_wconf 95' lang='lat' dir='ltr'> </span> 
     </span>
    </p>
   </div>
  </div>
 </body>
</html>
